3150 4892
511 404 560 453 su
583 404 793 455 csuurnun
820 408 893 457 ιιι.
918 410 974 457 ιιι.
1214 398 1280 463 545

177 544 216 598 Ar
225 542 355 593 semim
366 547 438 607 puto,
453 543 496 607 qui
507 553 565 592 eum
576 558 653 594 seusu
663 544 754 609 legere
759 545 842 609 possit
853 545 1001 613 ilorstimn,
1009 550 1129 608 auteur,
1136 552 1209 617 quiu,
1218 554 1279 605 duur

176 626 229 675 lrue
236 623 376 681 cuminis,
390 629 509 673 ceterum
517 624 627 688 egregii,
635 624 771 674 exordium
782 625 861 689 leget,
875 626 1024 689 grsvlsslme
1034 629 1280 683 ststlmutlendstur

176 710 233 756 tem
242 704 328 753 slieuo
341 704 401 753 loeo
411 702 498 767 posits
506 718 539 752 su
554 717 602 767 per
614 711 675 754 octo
688 718 778 753 versus
789 710 922 769 protrsetu
933 708 1035 769 generis
1043 708 1141 759 Lssniu
1152 711 1279 774 prodire·

177 786 257 835 risus.
290 784 387 833 Versus
403 782 467 845 jure
481 781 580 833 dixisse
595 782 623 833 lu
638 782 800 846 Arpumeutu
818 784 891 835 nobis
901 786 1059 850 ridemur,si
1073 774 1123 840 uss.
1134 794 1192 840 Η.
1210 791 1280 843 inter

176 864 315 927 legendum
335 864 500 935 omittuntur,
515 862 597 911 usslto
617 862 730 913 breviori
747 869 827 928 stque
838 866 991 929 elegantiori
1007 869 1109 931 generis
1120 872 1280 921 commende·

177 945 260 1007 liuue,
273 958 330 1009 qne
343 943 377 993 sd
390 943 472 993 solum
486 949 606 992 crustum
616 950 733 1005 spectet,
743 957 774 993 sc
786 957 833 1007 pru
843 945 963 995 roostiru
976 946 1020 1004 sit,
1031 947 1142 1013 denique
1154 950 1280 1013 peculiosi

177 1024 257 1075 slicul
269 1023 398 1074 ueusiosr
408 1022 500 1073 deberi
510 1022 639 1086 ridentur,
650 1023 760 1087 mcum
769 1034 874 1074 sensum
886 1038 936 1087 nun
948 1027 1058 1090 emplius
1068 1024 1173 1078 offendi.
1200 1030 1279 1081 Quod

175 1102 262 1167 ipsum
273 1117 332 1152 mm
338 1104 394 1165 jum
405 1116 457 1152 usu
466 1102 550 1152 lsssu
561 1100 660 1151 inferre
670 1102 843 1166 suspicionem
855 1116 962 1154 necesse
973 1106 1017 1168 sit,
1028 1120 1084 1157 esse
1095 1108 1153 1157 illus
1163 1122 1251 1159 versus
1263 1124 1280 1159 s

176 1184 244 1231 ursis
256 1196 332 1231 msuu
343 1182 489 1247 importune
499 1182 619 1242 insertos,
628 1186 683 1231 tum
695 1181 801 1232 eusdem
813 1194 881 1234 uuue
892 1198 908 1233 e
919 1186 1062 1249 preceptis
1081 1201 1162 1251 suprs
1177 1190 1279 1252 exposi-

176 1262 212 1311 tis
224 1262 370 1313 sccundus
380 1260 531 1325 expendere
541 1267 620 1326 utque
628 1261 776 1311 essminsre
788 1262 884 1325 piueet.

208 1340 324 1389 Primum
335 1337 499 1389 menifestum
509 1338 608 1389 hebent
622 1338 649 1387 lrl
661 1348 773 1404 quotuor
786 1354 839 1390 vss.
849 1342 962 1405 speciem
973 1343 1064 1394 scholii
1076 1344 1130 1395 sire
1143 1346 1280 1407 glossema·

176 1420 212 1470 tis
222 1436 231 1481 ς
247 1420 316 1483 quud
327 1419 429 1483 quidem
441 1426 599 1470 momentum
609 1420 719 1483 emplius
731 1419 859 1469 deuisrsri
869 1422 974 1483 poterit,
986 1423 1040 1485 ubi,
1051 1424 1178 1488 quomodo
1190 1438 1280 1475 versus

176 1500 263 1549 exorti
273 1500 337 1562 sint,
347 1499 569 1560 investigabimus.
602 1500 710 1549 Deinde
720 1500 779 1563 quis
788 1514 840 1549 non
851 1500 983 1565 inteiligit,
997 1517 1075 1568 qnsru
1088 1504 1180 1553 inscite
1191 1518 1222 1554 sc
1234 1505 1280 1553 im·

175 1580 514 1646 pustuueiuterrumpstur,
525 1580 577 1630 iliis
587 1580 761 1644 interpositis,
777 1580 926 1631 sententis?
943 1582 1052 1633 subistis
1068 1588 1168 1646 conen,
1183 1590 1280 1647 questu

176 1661 264 1723 sptior
283 1660 411 1709 connexio
424 1661 621 1725 elegsutiurque
639 1661 777 1710 esuserslo
797 1662 947 1725 sententie,
965 1668 1063 1727 qusuto
1079 1663 1182 1727 dignius
1194 1663 1280 1713 Pudts

176 1738 312 1789 exordium
319 1741 369 1791 siti
387 1740 453 1791 (inis
463 1741 533 1790 enim
544 1755 595 1793 uos
605 1742 680 1791 metit
691 1742 779 1804 legere
790 1742 842 1791 sic:

400 1868 460 1932 AEli,
472 1876 577 1919 vetusto
588 1868 683 1918 nobilis
695 1869 728 1919 sb
738 1870 830 1931 Lumo,

400 1950 451 2000 Qui
465 1949 624 1999 Formiarum
635 1952 731 1999 moeuis
742 1948 839 1999 dicitur

432 2026 561 2093 Princeps
573 2036 602 2079 et
612 2030 746 2079 iuuentem
758 2029 868 2078 Murice

498 2108 640 2159 umoribm
650 2108 766 2158 tenuisse
776 2107 857 2157 Lirim

401 2188 467 2237 Iste
478 2194 615 2251 tyrannus:

175 2316 271 2380 licque
282 2316 362 2366 solum
374 2316 438 2365 illud
450 2316 548 2376 elucer,
560 2329 635 2380 posse
646 2314 710 2364 istos
722 2322 833 2381 qustuor
850 2328 938 2365 vereris
955 2317 1027 2367 sslso
1038 2323 1123 2367 metro
1135 2316 1224 2381 abjici,
1234 2314 1280 2366 sed

175 2398 265 2460 etiem,
276 2397 308 2447 sb
318 2397 410 2460 inepto
419 2397 521 2445 homine
533 2410 576 2444 eus
587 2410 645 2456 esse
656 2396 778 2458 insertos,
788 2411 823 2445 ex
835 2410 866 2445 eo
876 2396 954 2445 etism
966 2395 1079 2460 suspicio
1090 2403 1139 2453 est,
1147 2398 1215 2462 quud
1226 2404 1280 2447 turn

176 2476 269 2525 inscite
284 2491 314 2526 sc
329 2476 424 2525 misere
436 2469 593 2525 connectere
607 2488 652 2523 eos
667 2488 725 2524 cum
739 2472 909 2538 sequentibus
920 2474 1047 2537 versibus,
1058 2484 1135 2539 utque
1146 2477 1177 2524 ud
1188 2478 1280 2525 horum

177 2555 332 2605 sententium
343 2552 479 2605 reflectere
489 2555 631 2604 orationem
644 2560 751 2603 cunutus
763 2559 815 2602 est.
849 2552 912 2602 Curn
922 2552 991 2602 enim
1002 2568 1040 2602 vs.
1051 2558 1076 2602 5·
1093 2554 1201 2603 ‘ducis’
1219 2568 1282 2604 reru

176 2636 213 2684 sit
229 2635 316 2696 lectio,
331 2642 361 2684 nt
370 2635 395 2683 iu
406 2634 525 2684 vui..
537 2631 707 2696 ostendimus,
719 2637 774 2682 tum
785 2638 876 2695 aperte
889 2632 948 2694 lete,
964 2630 1094 2684 ‘Auctore
1103 2632 1137 2684 sb
1149 2634 1194 2684 illo
1205 2634 1280 2686 ducis

175 2713 320 2778 originem?
330 2714 401 2764 uillis
413 2720 474 2764 suut
485 2714 591 2775 ceteris,
609 2720 640 2762 ut
653 2713 816 2777 interruptus
830 2726 911 2761 uexns
929 2727 986 2763 uum
1004 2728 1060 2778 sqq.
1080 2714 1150 2765 ‘Qui
1162 2714 1280 2764 Formis·

175 2795 252 2858 rum}
261 2798 310 2845 tec.
320 2795 512 2844 restitueretur.
540 2792 607 2842 Num
618 2794 644 2842 iu
654 2792 807 2844 Obserrstt.
819 2794 938 2859 equidem
950 2792 976 2844 id
988 2800 1089 2843 tentum
1098 2802 1203 2845 eecutns
1215 2806 1282 2857 snm,

175 2884 206 2926 ut
216 2889 292 2940 quem
304 2874 480 2925 mollissimum
491 2873 654 2938 meximeque
672 2873 835 2923 tolersiilem
853 2873 934 2936 spurii
954 2872 1029 2936 lanus
1046 2872 1217 2944 sddltemeuti
1235 2886 1280 2923 er·

174 2955 342 3018 pliestiuuem
352 2954 441 3004 durem
451 2970 458 3004 ε
476 2968 505 3004 re
517 2962 603 3004 sutem
614 2967 676 3003 vers
691 2954 753 3003 milri
771 2966 922 3018 persussnm
933 2960 984 3015 est,
996 2952 1211 3017 interpolstorem
1222 2966 1281 3002 rer·

174 3034 218 3092 loe,
232 3034 365 3085 ‘Auctore
376 3036 410 3084 sb
421 3034 486 3098 illo,'
502 3034 535 3084 sd
547 3049 605 3100 sqq.
619 3034 688 3086 ‘Qui
698 3033 879 3095 Formismm,'
887 3035 937 3083 dre.
948 3030 1039 3082 referri
1048 3033 1169 3082 voluisse.
1194 3032 1281 3094 igitur

175 3116 286 3165 oriretur
298 3114 444 3165 sententis:
461 3115 486 3165 0
499 3114 558 3177 AEli,
567 3114 611 3179 qui
623 3127 640 3162 s
651 3114 730 3163 Lumo
742 3112 889 3175 descendis,
902 3120 930 3162 ln
941 3112 1065 3177 originem
1076 3112 1149 3161 ducis
1161 3127 1176 3160 s
1188 3112 1280 3175 Lumo,

175 3194 288 3257 qui,&c.
316 3194 354 3244 At
364 3208 439 3260 quem
451 3194 541 3259 inepte
553 3194 695 3257 conversio,
708 3195 752 3243 vix
763 3194 904 3258 proletario
915 3192 1006 3243 Poiitre
1017 3191 1189 3256 ignoscenda!
1218 3192 1280 3241 vid.

174 3272 351 3324 vv.r.1..ubr
363 3275 452 3337 etium,
463 3288 515 3324 non
526 3275 635 3323 multum
646 3272 748 3337 profici,
759 3273 902 3335 docuimus,
912 3272 933 3321 si
944 3274 1031 3335 legere
1044 3272 1161 3334 uelimus,
1171 3270 1281 3322 ‘ducit’

175 3352 214 3402 Et
228 3351 249 3400 si
261 3354 302 3402 vel
312 3353 349 3403 lte
359 3354 518 3404 constituere
537 3355 641 3418 piscest
659 3360 739 3417 utque
759 3352 892 3417 explicere
907 3351 1083 3415 pureullresin,
1103 3350 1141 3399 uti
1161 3350 1186 3398 in
1199 3350 1278 3399 Obss.

176 3432 337 3496 propositum
347 3441 398 3496 est,
415 3440 500 3483 tumen
511 3434 550 3483 sie
559 3432 637 3482 etism
648 3430 755 3481 inductu
766 3434 869 3482 omnino
880 3432 1011 3480 sententis
1022 3436 1080 3480 est:
1098 3428 1123 3477 0
1140 3428 1199 3489 AEli,
1208 3429 1251 3492 qni
1263 3443 1279 3477 s

176 3512 258 3560 Lumo
277 3512 425 3577 descendis,
447 3519 477 3563 tu
495 3512 564 3561 enim
584 3510 618 3561 sb
636 3512 682 3561 illo
702 3511 781 3561 Lemo
803 3517 909 3560 auctore
927 3508 1075 3571 descendis,
1097 3506 1223 3572 siqnidem
1244 3506 1281 3555 se·

177 3593 308 3655 renudet.

208 3670 323 3722 Nemeo
341 3686 410 3723 nuuc
419 3673 505 3737 renio,
515 3677 546 3722 ut
556 3672 700 3735 ostendum,
710 3685 800 3722 versus
817 3671 883 3722 istus
892 3670 971 3721 etium
985 3684 1033 3735 per
1044 3684 1071 3719 se
1082 3670 1152 3733 ipsos
1164 3666 1279 3732 interpo-

174 3752 243 3801 lstos
261 3751 345 3815 prodi.
377 3752 492 3802 Primum
506 3753 575 3802 euim
592 3766 649 3802 eum
666 3751 725 3802 illos
741 3750 928 3801 obscuritstem
943 3766 975 3801 uc
987 3748 1166 3800 difficultatem
1178 3750 1203 3798 in
1216 3764 1278 3799 con·

175 3832 346 3881 structionem
363 3831 468 3895 inferre,
484 3833 528 3882 six
547 3838 577 3882 ut
593 3834 726 3883 commode
743 3833 786 3882 ills
802 3832 920 3896 expediri
937 3833 1028 3895 possit,
1044 3844 1207 3895 quocumque
1223 3844 1277 3879 sese

174 3910 313 3973 Interpres
334 3919 480 3974 convertet,
499 3926 557 3962 cum
579 3926 612 3960 ex
633 3912 709 3962 modo
731 3911 820 3974 dictis,
838 3919 894 3961 tum
917 3926 950 3961 cx
973 3912 1094 3961 vv.1.r..
1116 3910 1278 3974 intelligitur.

175 3990 294 4053 Deinde,
303 3990 326 4039 si
338 3992 492 4043 sententium
503 3992 587 4055 ipsum
597 3991 703 4056 ejusque
714 3991 908 4040 conversionem
917 3997 1032 4054 spectes,
1044 3990 1107 4039 nihil
1118 3988 1234 4053 profecto
1245 4002 1277 4038 es

176 4070 219 4118 vel
230 4070 356 4136 inutillus,
368 4072 410 4121 rel
421 4072 545 4137 ineptius,
555 4072 667 4135 cogitari
677 4078 723 4122 sut
732 4070 794 4134 tingi
804 4071 894 4135 possit.
929 4071 1019 4121 Lumie
1031 4071 1126 4121 dicitur
1137 4070 1224 4120 nobile
1235 4083 1279 4133 ge-

176 4163 226 4199 nus
234 4150 266 4200 sb
274 4150 354 4201 hmo
365 4151 462 4202 docere
472 4169 480 4213 ς
492 4154 541 4203 lroc
552 4152 720 4203 confirmetur
731 4167 764 4202 ex
773 4166 816 4216 eo,
825 4153 885 4218 quis
896 4152 976 4202 ellum
985 4152 1066 4215 ipsius
1074 4152 1192 4214 msjores,
1203 4158 1280 4212 utque

178 4230 245 4280 sdeo
254 4230 282 4295 (u
298 4230 449 4282 mirscnlum
460 4231 482 4296 l)
498 4246 586 4283 urunss
596 4234 687 4285 norum
704 4233 829 4295 mqjcruru
841 4239 950 4297 nepotes
962 4246 978 4282 s
990 4232 1071 4283 Lumo
1083 4229 1280 4281 descenderintr

242 4310 330 4375 verpe.
340 4316 365 4361 et
376 4311 435 4361 Vsu.
445 4312 511 4363 Cius.
711 4311 802 4362 floret.
1148 4306 1211 4356 ²M
