3150 4892
547 343 765 393 osastrrrurr
779 345 854 393 urs.
878 343 933 392 ιιι.
953 329 1008 395 27.
1247 333 1319 396 517·

389 483 432 549 Et
446 505 568 550 memor
581 488 700 565 nostri,
710 485 868 565 Galatea,
881 489 978 553 rivas
991 510 999 553 :

388 583 504 667 Teque
517 605 580 650 noo
596 587 703 652 laevus
717 595 810 652 vetat
823 589 871 652 ire
887 591 998 673 picus,
1269 591 1313 654 15

648 689 684 753 N
685 709 722 754 ec
738 709 826 772 vaga
839 692 964 755 cornix.

388 786 456 850 Sed
471 787 568 855 vidos
584 795 710 870 quanto
723 791 864 873 trepidet
878 791 1023 854 tumultu

391 887 520 952 Pronus
535 889 658 954 Orion:
680 909 742 972 ego
754 891 836 974 quid
851 893 897 955 sit
909 899 981 956 ater

208 1103 480 1174 surtsmtosbictsmpre
490 1113 622 1174 colueris,o
636 1113 748 1173 Gruter,
768 1118 793 1161 et
809 1113 862 1162 rr'oe
879 1115 957 1163 sostrs'
975 1117 1111 1166 nemerim
1126 1131 1237 1166 usum:
1254 1120 1278 1163 et
1288 1120 1312 1163 te

216 1189 258 1222 sec
275 1190 374 1238 pergere
384 1176 497 1238 impediat
507 1177 606 1225 sismrr
621 1177 688 1239 picus
697 1191 741 1224 aec
751 1177 834 1225 corsis
844 1178 991 1238 mutuus
1023 1180 1060 1229 Ar
1073 1182 1150 1228 cents
1161 1187 1247 1242 quanto
1255 1180 1311 1238 srs·

213 1252 272 1318 pore
287 1245 395 1302 properet
408 1240 484 1314 Orion
494 1241 599 1290 declivis.
633 1241 687 1300 Ego
705 1241 753 1288 scio
772 1255 841 1302 qum
857 1241 1012 1304 permissus
1030 1244 1062 1292 sit
1073 1244 1226 1294 Adriaticum
1236 1257 1309 1304 mere,

215 1541 295 1592 With.
314 1540 477 1595 amoris-ll
493 1545 529 1594 At
547 1561 635 1595 memor
645 1549 721 1596 rostri
732 1548 843 1611 Coning.
858 1555 886 1597 et
903 1548 998 1598 Ssnsd.
1016 1549 1134 1598 catastas
1144 1549 1258 1598 nonnulli
1270 1564 1313 1612 sp.

215 1607 286 1668 Jsui,
305 1609 372 1656 etms
387 1607 464 1672 Usque
477 1623 519 1658 sec
534 1611 604 1672 conj.
616 1611 760 1662 wius-rs
780 1613 814 1662 Te
826 1613 983 1676 seque'lips.
995 1616 1018 1661 l.
1046 1614 1129 1676 Neque
1145 1620 1169 1662 te
1187 1613 1264 1662 codd·
1284 1621 1312 1663 et

215 1671 449 1734 edd.sp.Cuniug.
462 1674 563 1722 nucleis
576 1675 684 1738 Namque
703 1691 753 1734 sec,
773 1677 842 1740 quod
861 1684 1020 1739 receperunt
1038 1677 1134 1726 Ssnsd.
1150 1684 1178 1726 et
1194 1678 1311 1726 Francis.

214 1750 261 1783 sors
282 1738 356 1784 lam
378 1735 452 1785 Harl.
471 1742 496 1786 6.
518 1742 582 1786 retrt
602 1739 675 1788 llsrl.
697 1744 719 1787 l.
737 1743 762 1788 2.
784 1744 808 1790 8.
829 1745 854 1790 t.
873 1747 899 1788 6.
917 1755 982 1788 unus
1001 1741 1061 1789 l'st.
1085 1741 1213 1802 Lambini,
1229 1741 1310 1790 Brod.
1369 1801 1372 1805 ἵ

213 1799 285 1862 Lips.
299 1805 321 1848 1.
339 1816 355 1849 s
371 1815 405 1848 nr.
423 1815 476 1849 sec.
495 1803 572 1851 Dess.
583 1805 607 1850 2.
630 1803 719 1852 Bentl.
737 1803 848 1867 Coning.
864 1804 958 1852 Sansd.
976 1804 1092 1868 Francis,
1109 1805 1223 1866 Torrers,
1241 1805 1308 1855 Sivr.

214 1861 328 1912 Sclrruld.
346 1861 447 1913 Wskel'.
462 1865 555 1914 Comb.
572 1875 599 1913 et
621 1866 702 1915 Kldd.
725 1872 788 1916 estet
814 1869 895 1916 ceteri
911 1882 998 1917 omues
1015 1869 1091 1918 codd.
1108 1876 1135 1918 et
1151 1868 1211 1917 edd.
1228 1870 1308 1934 antiq.

216 1939 274 1976 curn
298 1929 397 1976 tloret.
418 1929 540 1977 Torteut.
557 1929 636 1992 Cruq.
658 1929 723 1979 Fsb.
750 1931 841 1994 steph.
859 1933 981 1996 Rutgers.
1000 1934 1097 1981 Decor.
1119 1933 1198 1982 Buxt.
1219 1933 1309 1983 Jones.

217 1989 312 2052 Delph·
325 1990 409 2040 llond.
428 1992 559 2042 Schrevel.
575 1994 644 2050 dani,
660 1993 766 2057 Bipont.
779 1995 924 2045 Mitsclr.'et
936 1997 1108 2046 wetzel-lt
1123 1997 1207 2046 ‘Post
1224 1997 1309 2045 ronta

215 2055 289 2104 colon
302 2055 327 2103 in
339 2055 424 2104 multis
435 2055 493 2104 edd.
506 2063 628 2118 tanquam
646 2072 716 2122 seqq.
732 2059 784 2108 siut
795 2060 932 2123 spodosis:
949 2059 1034 2109 falso?
1047 2061 1180 2110 arnt-tr
1197 2060 1272 2109 llari.
1284 2064 1309 2108 o.

214 2119 271 2166 Nos
281 2119 356 2168 sides.
390 2119 527 2169 Pulmsuul
538 2121 629 2170 Graes.
648 2123 719 2185 Lips.
732 2127 755 2170 1.
765 2121 819 2173 ntr.
832 2128 856 2172 l.
867 2139 883 2172 s
893 2139 926 2172 sn.
939 2139 991 2172 sec.
1002 2124 1111 2186 Coniug.
1121 2123 1217 2173 Ssusd.
1230 2123 1309 2172 Frau-

214 2182 252 2230 ris
263 2184 412 2234 ctTowers.
425 2185 601 2247 trepidat-18
618 2185 684 2234 Post
695 2187 771 2234 Orion
782 2186 959 2249 interrogandi
973 2187 1073 2250 signnm
1084 2187 1209 2237 exhibent
1219 2188 1310 2236 Basili.

214 2247 311 2296 Mutet.
324 2247 402 2310 Cruq.
416 2247 539 2296 Torreat.
559 2248 635 2298 Fsbr.
646 2250 738 2312 Steplr.
751 2251 815 2300 usu.
833 2252 955 2313 Rutgers.
972 2251 1056 2300 Bond.
1066 2251 1200 2301 Scurevel.
1211 2251 1309 2314 Delph.

215 2309 303 2360 Bentl.
321 2311 429 2375 euolog.
451 2313 545 2361 Sanad.
558 2313 675 2378 Francis,
687 2314 802 2372 Turrem,
825 2315 922 2366 Dacer.
940 2315 1042 2365 Wakel.
1054 2322 1082 2364 et
1098 2315 1178 2365 Kidd.
1194 2316 1309 2364 ‘Melius

707 2474 817 2526 NOTAE

248 2606 276 2650 rs
294 2603 346 2651 Na
367 2605 440 2652 tosus
460 2609 523 2653 seat
544 2603 580 2654 tre
595 2586 670 2668 prelo,
688 2605 740 2655 Nec
780 2617 849 2668 gea.

212 2692 273 2739 suga
282 2677 377 2740 cmix]
395 2678 484 2744 Plsot.
495 2678 598 2729 Asinar.
610 2681 685 2730 Sceu.
699 2693 738 2728 ιν.
814 2683 845 2727 li
862 2679 911 2728 Sed
921 2677 986 2726 sides
996 2681 1091 2740 quau,
1105 2676 1157 2740 dyc]
1175 2676 1309 2738 Attamen,

213 2753 220 2780 ⁸
235 2753 312 2802 Picus
329 2763 357 2801 et
376 2753 467 2802 cornix
484 2753 517 2802 ab
531 2756 596 2804 laesa
608 2765 662 2805 est:
681 2769 739 2804 cor·
779 2769 796 2804 o
807 2753 928 2815 Galatea,
938 2767 971 2801 oe
982 2759 1081 2801 temere
1093 2759 1120 2801 ts
1129 2750 1227 2816 perfido
1239 2768 1308 2802 com·

213 2843 259 2877 rus
271 2825 415 2892 porro(uls.
425 2827 511 2892 porro)
524 2831 658 2881 adextrat
678 2845 738 2880 con·
779 2830 869 2879 rnittss
882 2829 962 2877 muri:
981 2827 1156 2877 animadverte
1177 2828 1309 2877 imminen-

212 2901 339 2954 s'usdent.'
355 2903 423 2953 Plin.
436 2917 464 2953 u.
481 2907 520 2954 12.
540 2907 548 2933 ⁸
560 2906 657 2956 Cornix
667 2907 737 2955 insu·
779 2913 831 2954 tem
844 2903 878 2952 ab
890 2903 988 2952 Orione
998 2907 1188 2965 tempestatem.

210 2977 317 3042 s'picstrr
330 2985 370 3028 est
386 2979 551 3042 garrulitatis,
563 2995 577 3028 a
588 2980 737 3044 quibusdam
805 2982 837 3028 18
853 2979 949 3028 Prosus
959 2977 1048 3040 On'orr]
1067 2979 1201 3036 Derexus,
1211 2979 1243 3027 ad
1253 2979 1306 3028 Oc-

209 3063 294 3106 tsrneu
315 3053 440 3104 laudata·
472 3053 739 3120 Id.ibid.csp.18.
770 3067 986 3117 cusnmrergeus.
1011 3054 1132 3102 Decor.
1144 3053 1197 3102 Od.
1208 3057 1249 3102 28.
1260 3057 1302 3102 21.

215 3125 287 3181 ‘Pici
306 3131 422 3195 (Gallice
432 3128 525 3194 pisert)
536 3131 633 3180 Martio
644 3146 739 3194 cogno·
771 3145 802 3180 rr.
814 3129 866 3181 Od.
878 3133 918 3178 13.
932 3129 957 3178 in
968 3127 1028 3176 tine.

213 3205 291 3269 mine,
303 3205 414 3267 insignes
424 3211 451 3253 et
462 3205 547 3268 magni
568 3206 593 3253 in
610 3207 742 3270 auspiciis.
802 3207 857 3267 Ego
867 3205 923 3268 qsr'd
935 3204 967 3253 sit
978 3207 1031 3253 uter
1041 3201 1138 3264 Adria,
1148 3203 1213 3263 soss‘,
1229 3203 1306 3268 drus,

214 3279 345 3343 ....Ipsi
365 3279 522 3344 principales
542 3280 616 3329 Latio
635 3281 738 3329 suntin
778 3285 833 3346 dfe]
860 3285 929 3333 Cave
951 3282 1030 3331 etiam
1049 3289 1078 3331 et
1101 3283 1162 3331 time
1181 3281 1308 3332 Adriatici

213 3357 324 3420 tuguriis
341 3370 356 3405 a
369 3355 442 3418 Rege
455 3355 497 3419 qui
517 3369 609 3403 nomen
622 3354 681 3403 lrulc
697 3355 739 3402 avl
777 3360 855 3407 maris
866 3358 1065 3419 navigationem.
1083 3356 1169 3418 Hujus
1180 3370 1230 3418 ego
1240 3358 1308 3418 peri-

211 3431 292 3482 dedit.
309 3431 382 3480 Unus
394 3445 482 3480 eorum
494 3432 521 3480 in
539 3431 626 3493 rapite
640 3433 740 3480 Prata·
777 3433 837 3481 culs
854 3446 909 3479 sum
927 3437 1062 3493 expertus,
1079 3429 1163 3492 lnquit
1175 3429 1308 3493 Horatius,

212 3507 247 3556 tis
258 3506 351 3556 urbani
371 3507 401 3556 L.
418 3507 560 3556 Tuberonis
577 3507 601 3555 iu
614 3505 669 3556 loro
676 3507 737 3570 jura
778 3521 837 3558 cum
855 3505 971 3554 Athenas
989 3503 1151 3567 prolecturus
1169 3508 1308 3555 conscendi

211 3595 258 3646 pro
267 3581 391 3632 tribunali
400 3583 532 3632 reddentis
546 3582 613 3632 sedit
629 3583 664 3631 its
682 3583 737 3646 pls·
777 3595 849 3630 snare
865 3579 1012 3629 Brundusii.
1045 3579 1118 3627 'l'uuc
1135 3580 1214 3628 etiarn
1232 3581 1308 3630 intel-

209 3656 278 3720 cide,
296 3665 327 3706 ut
345 3671 421 3706 mann
441 3657 653 3720 prehenderetur.
688 3659 737 3708 Re·
776 3658 829 3707 lesi
842 3656 920 3720 ‘quid
933 3655 1005 3704 albus
1013 3662 1106 3718 peccet
1116 3654 1220 3718 lspys,’
1231 3671 1307 3720 quern

209 3733 738 3796 spondereVates,exitlunrlurperiopor-
778 3747 848 3796 sape
869 3730 942 3779 fellat
964 3740 993 3779 et
1011 3730 1127 3792 decipiet
1147 3738 1239 3780 ventus
1264 3734 1307 3781 ille

210 3809 283 3858 tendi
296 3810 317 3858 si
330 3808 520 3869 dimitteretur,
537 3817 564 3857 at
576 3810 595 3856 si
610 3809 737 3858 exanime·
777 3807 842 3858 drus
854 3823 886 3856 es
898 3806 1005 3870 Apulis,
1017 3805 1043 3853 ln
1055 3805 1186 3855 (luteciam
1196 3822 1306 3871 pergeo-

211 3891 291 3940 retur,
303 3885 424 3933 Praetori.
450 3885 485 3933 Et
501 3883 544 3932 ille
559 3893 644 3933 autern
656 3883 737 3946 proti·
778 3885 848 3934 tibus
867 3883 942 3933 initio
959 3881 1097 3946 propitius,
1116 3888 1143 3929 st
1163 3890 1271 3945 repente
1290 3897 1306 3931 e

211 3973 256 4008 uus
267 3959 429 4022 concerpsit:
448 3973 498 4008 nec
517 3959 597 4007 multo
615 3969 673 4022 post
691 3960 737 4008 irn-
777 3961 844 4010 culo
862 3973 954 4009 sereno
971 3957 1226 4022 praenunciasset
1245 3973 1307 4006 nsu-

211 4035 293 4096 plevit
315 4033 479 4098 prodigium·
513 4035 545 4084 C.
570 4035 661 4095 Caelio,
683 4036 737 4084 sive
778 4034 972 4100 tragispsrsus.
991 4035 1105 4083 Deeot.
1118 4033 1204 4082 ΟΜ.
1216 4038 1240 4083 t.

213 4109 293 4159 laelio
303 4108 330 4159 id
343 4109 432 4159 tribuit
444 4109 582 4158 Frontinus
595 4109 621 4158 in
637 4109 736 4160 Strate-
