3150 4892
652 426 657 433 .
764 390 965 441 BXCURSUS

542 532 623 581 Catus
633 532 711 592 idem,
722 546 771 595 per
782 539 901 596 apertum
914 532 1043 595 fugientes

542 610 652 673 Agitato
663 626 745 674 grege
756 626 847 661 cerum
853 612 976 675 jaculari,
987 622 1016 662 et

541 689 618 738 Celer
629 690 683 739 altu
694 691 843 742 latitantem
858 692 967 743 frutice·

542 777 571 819 to
579 771 706 833 excipere
718 786 819 835 aprum.

316 878 446 944 Apparet,
464 880 603 947 Cruqulum
621 884 647 931 iu
665 883 717 933 fine
735 900 765 934 ac
781 885 911 950 principio
928 900 1044 936 versuum
1057 888 1182 940 vocabula
1194 888 1322 955 divisisse,
1333 898 1427 943 tracta

316 960 348 1009 od
362 976 464 1010 verarum
473 962 513 1011 uel
525 966 726 1015 antecedentem
744 967 783 1015 vel
796 973 948 1031 sequentem
961 967 1067 1031 syllaba,
1079 966 1124 1016 ubi
1135 968 1180 1018 illu
1192 970 1217 1017 in
1228 971 1305 1022 cedd.
1318 972 1428 1036 integra

316 1040 348 1088 ad
360 1042 511 1090 alterutrum
525 1044 605 1093 reluta
616 1053 715 1105 essent;
728 1046 797 1110 quod
811 1046 893 1109 ipsum
906 1054 956 1107 est,
969 1060 1025 1094 cum
1037 1046 1110 1103 dicit,
1122 1047 1226 1097 codices
1241 1063 1287 1098 sua
1297 1064 1347 1113 ope
1361 1066 1429 1101 non·

314 1120 379 1169 nihil
391 1134 449 1169 esse
459 1121 571 1185 adjutos.
604 1125 656 1173 Sed
670 1141 745 1189 qnam
762 1125 852 1189 inepta
870 1142 899 1175 ac
916 1124 1039 1175 deformis
1054 1128 1089 1177 eit
1106 1129 1227 1177 univerae
1238 1129 1289 1178 ista
1300 1144 1426 1179 versuum

315 1199 514 1252 ordinandorum
528 1206 604 1267 ratio,
615 1221 665 1255 non
678 1222 743 1271 opus
761 1214 803 1257 est
820 1207 907 1257 multis
921 1207 1068 1257 ostendere.
1104 1208 1163 1257 Non
1177 1209 1290 1271 dubium,
1302 1212 1364 1276 quin
1379 1227 1427 1261 an·
1459 1274 1464 1284 Ι

315 1281 423 1345 gustlori
435 1284 535 1347 paginse
548 1284 635 1348 epatio
646 1286 811 1337 tribuendum
828 1288 871 1343 sit,
891 1289 968 1352 quod,
982 1304 1038 1353 qua
1055 1288 1111 1338 fere
1131 1288 1158 1337 in
1176 1289 1249 1338 libris
1265 1292 1330 1340 Mae.
1343 1306 1425 1341 uuum

314 1375 416 1411 versum
430 1366 536 1414 tertium
548 1364 677 1429 efficiunt,
688 1366 714 1415 iu
726 1368 802 1417 dictis
815 1368 892 1417 codd.
904 1369 929 1417 iu
942 1368 1004 1417 duna
1017 1376 1105 1432 partes
1115 1384 1135 1419 a.
1147 1369 1230 1419 linear
1241 1368 1327 1420 diuisa
1340 1387 1424 1435 appa·

313 1448 404 1502 rean13
425 1443 453 1491 id
471 1446 539 1509 qood
557 1446 583 1495 in
600 1462 659 1497 men
672 1446 775 1511 quidem
788 1448 957 1497 Dessauleuai
970 1450 1063 1512 altero,
1074 1449 1156 1515 quiin
1168 1446 1251 1498 forma
1263 1457 1358 1500 octava
1369 1458 1425 1511 est,

315 1518 488 1572 menifestum.

346 1598 379 1647 In
391 1601 487 1649 ceteris
505 1603 583 1652 codd.
603 1605 648 1669 (oe
667 1605 700 1654 de
721 1606 779 1655 aliie
795 1605 1002 1657 aberratiouibus
1020 1606 1117 1671 dicam)
1135 1608 1174 1657 ite
1185 1607 1241 1657 lere
1254 1608 1348 1671 digesti
1359 1614 1422 1657 aunt

314 1692 413 1740 versun,
431 1688 461 1728 nt
481 1681 532 1731 dno
551 1685 694 1735 'l'rimetros
712 1692 867 1751 sequeretur
884 1688 979 1739 tertius
995 1688 1166 1751 Tetrameter,
1183 1698 1213 1739 et
1229 1688 1266 1737 sic
1278 1687 1337 1737 Ode
1349 1694 1422 1737 easet

312 1755 420 1809 Dicolos
431 1760 596 1826 Triatroplrcs
606 1781 612 1814 :

571 1876 724 1928 Miserarum
736 1886 786 1942 eat,
798 1894 882 1945 nequo
892 1878 972 1929 amori
984 1879 1048 1929 dare
1060 1880 1160 1944 ludum,

574 1958 667 2022 Neque
680 1959 749 2009 dulci
761 1961 828 2009 mala
840 1961 902 2009 uino
913 1960 1011 2022 lasere,
1023 1967 1069 2009 aut
1081 1974 1125 2010 ex·

574 2038 681 2087 animari
692 2045 839 2089 metuentes
851 2046 951 2103 patrum
963 2039 1074 2089 verbera
1086 2039 1195 2101 lingum:

314 2144 363 2194 nisi
374 2146 442 2211 quod
454 2147 481 2196 in
493 2149 589 2213 multis,
601 2158 631 2199 ut
641 2150 708 2221 solet
719 2150 785 2213 lieri,
798 2152 877 2201 verbu
888 2153 913 2201 iu
926 2150 978 2201 line
989 2166 1019 2200 ae
1031 2150 1159 2215 principio
1171 2164 1290 2200 versuum
1303 2165 1353 2201 uon
1367 2152 1419 2201 dis·

313 2234 385 2275 secta
396 2234 465 2288 snut,
483 2228 529 2277 sed
547 2230 647 2292 integra
665 2230 833 2280 adheserunt
844 2231 965 2280 alterutri
978 2231 1073 2291 versui,
1086 2236 1145 2295 post
1155 2229 1214 2281 l'ere
1226 2230 1258 2279 ab
1270 2230 1418 2281 editoribus

311 2311 397 2354 metro
419 2308 612 2359 aecnnrmodote
629 2308 723 2360 diuisa.
755 2310 842 2374 Igitur
860 2311 928 2359 illam
949 2310 1074 2359 rationem
1094 2317 1239 2376 sequuntur
1253 2324 1342 2359 omues
1354 2320 1417 2361 aute

311 2383 461 2437 Bentleium
478 2394 531 2439 tam
551 2396 654 2439 ueteres
666 2405 742 2455 quam
758 2392 927 2453 recentiores,
943 2398 1039 2455 preter
1051 2391 1224 2455 Cruquianum
1236 2392 1348 2455 quidem,
1359 2392 1417 2441 edi·

311 2463 404 2516 tiones.
437 2466 550 2518 Accedit
569 2470 712 2518 auctoritas
731 2469 842 2519 Acronis
861 2477 890 2520 et
906 2471 1123 2521 commentatoris
1135 2470 1286 2535 Cruquiuni,
1298 2471 1346 2520 nisi
1358 2486 1416 2521 cor·

310 2545 412 2607 ruptela
422 2548 520 2611 subest,
531 2556 560 2598 ut
572 2549 724 2606 videbimus,
737 2551 808 2609 item,
819 2565 883 2616 qnos
896 2549 983 2600 Bentl.
997 2550 1095 2607 laudat,
1107 2550 1331 2613 grammstlcurum
1344 2560 1415 2601 sete·

310 2636 379 2685 rum,
388 2626 463 2675 Atilii
475 2628 664 2691 Fortunatiani,
675 2646 700 2692 p.
712 2634 786 2680 utet.
798 2637 826 2679 et
836 2631 924 2692 Plotii,
934 2646 960 2694 p.
969 2634 1042 2680 2660.
1054 2631 1160 2680 Putscls.
1178 2630 1246 2679 Nam
1258 2630 1414 2681 Diomedem

310 2701 416 2765 quidem
433 2712 461 2754 et
477 2706 639 2757 Victorinum
655 2708 698 2757 vix
712 2710 774 2758 eatis
785 2716 858 2758 recte
868 2710 928 2772 huc,
945 2717 973 2759 ut
992 2710 1174 2774 intelligemus,
1190 2710 1258 2761 idem
1279 2711 1415 2761 Bentleior

311 2784 450 2849 pertraxit.

280 2902 283 2906 J
343 2864 437 2928 Fuere,
449 2866 492 2928 qui
504 2866 650 2930 rhythmum
663 2869 748 2932 potina
759 2869 814 2918 rive
824 2883 966 2933 numerum,
978 2884 1054 2935 quam
1067 2877 1188 2931 metrum,
1197 2868 1221 2917 in
1232 2868 1280 2918 boc
1292 2868 1414 2918 Carmine

309 2955 367 2992 esse
377 2942 504 2994 dicerent.
537 2946 600 2994 Eam
613 2947 638 2995 iu
650 2948 868 3013 sententiumjam
881 2949 1009 2999 Acronem
1022 2950 1291 3000 etCosnmentatorem
1305 2950 1411 3013 Cruquii

309 3020 382 3071 abire
398 3022 522 3074 ridemus.
556 3024 635 3088 Item,
644 3029 688 3092 qui
700 3036 728 3077 et
741 3044 757 3077 a
771 3029 860 3079 Bentl.
878 3028 1010 3089 laudatur,
1030 3028 1199 3092 Hephaestlon
1212 3029 1412 3091 Grammaticos,

307 3099 361 3165 nol
370 3100 506 3165 »owed
517 3105 662 3169 ποιημάτων,
674 3122 700 3171 p.
710 3113 751 3157 dd.
762 3108 848 3159 Paris.
859 3108 910 3157 duo
921 3109 958 3158 alt
969 3107 1048 3159 iniere
1058 3108 1207 3159 lonicorum
1215 3110 1303 3159 talium
1312 3110 1412 3158 Carmi-

308 3195 369 3229 num
382 3197 495 3245 genera:
514 3200 602 3252 unum,
612 3187 680 3251 quod
691 3187 810 3249 deductor
821 3196 907 3249 vocat,
925 3188 996 3237 nollo
1006 3186 1115 3238 definito
1128 3187 1223 3252 pedum
1235 3201 1353 3248 numero,
1364 3202 1411 3251 per

308 3259 446 3324 mdprsua,
456 3270 485 3314 ut
495 3267 640 3337 appellant,
649 3281 782 3332 quousque
789 3268 891 3317 auctori
904 3269 985 3317 uisum
997 3266 1040 3331 sit,
1057 3268 1225 3331 procurrisse,
1237 3275 1409 3332 preterquam

307 3342 378 3405 quod
388 3356 478 3396 omues
494 3347 574 3411 pedes
591 3346 672 3396 lonlei
688 3347 728 3395 ἀπ’
744 3346 872 3399 ἐλάττονος
887 3345 995 3408 fuerint,
1012 3346 1129 3397 omnibus
1146 3346 1246 3411 legibus
1262 3346 1411 3407 solutum*

306 3422 427 3482 alterum,
443 3426 511 3491 qnod
523 3426 585 3476 sord
600 3426 687 3489 extro
697 3427 741 3478 ille
753 3430 878 3491 nominat,
891 3428 1050 3491 descriptum
1062 3426 1142 3477 luisse
1152 3427 1286 3485 clausulis,
1302 3442 1408 3491 quarom

306 3517 425 3569 queque,
437 3506 494 3569 pari
511 3508 605 3571 pedum
618 3522 734 3570 numero,
752 3523 812 3559 cum
831 3510 969 3558 sententie
987 3508 1058 3557 exitu
1073 3507 1188 3557 desierit.
1221 3507 1285 3556 Tale
1297 3507 1408 3557 Carmen

306 3582 390 3634 Alcaei
402 3586 502 3651 laudat,
517 3588 579 3638 md
597 3586 655 3637 δέκα
670 3586 782 3649 andnim
797 3587 970 3651 γεγραμμένον,
989 3587 1014 3637 lu.
1031 3587 1069 3637 ita
1084 3587 1264 3651 compositum,
1280 3593 1309 3635 ut
1320 3600 1409 3635 omnes

306 3663 426 3715 clausule
437 3677 527 3717 esseut
537 3667 627 3718 decem
640 3668 745 3731 pedum.
777 3669 864 3730 igitur
874 3669 1010 3718 Bentleina
1021 3667 1100 3719 etiam
1110 3673 1226 3717 nmtrusu
1237 3668 1285 3716 hon
1298 3666 1408 3716 Carmen

306 3750 418 3805 quatuor
429 3747 523 3796 talibus
536 3748 683 3810 decapodlir
694 3763 714 3796 s.
726 3748 818 3799 decem
830 3748 924 3811 pedum
936 3749 1055 3799 clausulle
1066 3746 1165 3799 absolvi
1176 3744 1310 3796 contendit
1319 3745 1342 3806 3¹²
1360 3746 1406 3793 sed

305 3836 364 3871 cum
376 3838 427 3873 nou
439 3828 530 3889 pessit,
539 3840 587 3890 per
599 3829 702 3891 pagine
713 3829 869 3893 angustiam,
881 3842 932 3878 una
942 3829 1012 3877 linea
1022 3828 1135 3877 describi
1146 3824 1338 3889 decempedalis
1350 3840 1406 3875 rer·

305 3914 358 3961 ans,
378 3914 435 3951 enm
452 3905 478 3954 in
496 3914 582 3969 partes
600 3907 680 3956 diuidi
697 3922 805 3958 neceam
821 3923 887 3958 esse.
928 3910 1027 3970 Quare,
1044 3907 1106 3973 quie
1123 3916 1150 3957 et
1168 3905 1341 3970 Hephaestion
1357 3906 1375 3955 l.
1390 3906 1410 3957 l.

304 3993 405 4031 versum
418 3982 499 4034 Alcei
509 3978 630 4037 ¹lonlcum
641 4000 657 4037 a
667 3988 766 4039 minere
775 3989 965 4041 'l'etrametrum
976 3989 1076 4051 laudat,
1093 3995 1121 4037 et
1131 3987 1281 4037 Victorinus
1294 3986 1404 4050 primum

335 4156 348 4183 ⁸
363 4150 465 4203 similia
479 4156 559 4205 tradit
571 4158 739 4210 Terentianus
753 4162 829 4213 Mao-
902 4161 914 4195 δ
931 4160 963 4211 in
981 4173 1033 4227 quo
1049 4159 1075 4209 el
1091 4156 1201 4209 aasentlt
1211 4153 1290 4206 etlam
1304 4151 1401 4201 Baete·

302 4228 355 4279 ¹1¹¹,
366 4230 393 4280 p·
403 4222 476 4270 wll.
487 4224 560 4273 uae.
573 4236 597 4270 v.
608 4223 697 4275 Bentl.
871 4240 923 4276 rus.
