3150 4892
555 407 593 458 rn
619 407 777 457 nonarrr
801 407 975 459 sarreia.
1067 413 1072 422 ·
1239 393 1304 461 763

208 547 454 626 pretermirerim,
477 547 559 628 quod
572 547 611 608 ed
625 547 819 608 Grau-enei·
831 548 959 609 offidnr'n
973 547 1127 628 pertineat.
1168 549 1262 628 Spero
1273 549 1305 612 id

210 655 350 706 eeuturor
364 663 432 704 erre
454 645 606 714 leetoree,
627 661 725 723 neque
742 645 805 723 jam
829 643 920 703 ullum
935 643 1151 724 supersuturam
1165 645 1196 705 in
1210 645 1305 708 verbio

210 739 327 800 llotetii
340 738 561 800 diffioultetem:
576 749 608 799 at
619 740 652 799 in
664 739 744 800 hane
755 757 857 800 eurem
869 739 1016 819 praecipue
1030 739 1160 814 inoubui,
1174 751 1208 800 ut
1221 759 1307 820 argu·

209 845 322 906 mente,
334 855 404 914 qum
416 845 535 906 tractet,
549 834 745 903 illustrarem
765 836 910 895 rationum
914 879 923 908 ,
936 854 1011 914 quae
1025 835 1156 908 adhibet,
1169 836 1308 896 roliditae

209 939 269 992 ten
292 929 500 1009 indigitaremr
521 941 555 990 ut
575 931 742 1008 expedirem
765 931 906 992 cironitue
927 940 959 990 et
981 931 1132 1009 embegre,
1155 949 1208 1009 per
1230 949 1305 1010 quer

212 1043 426 1103 nonnunquam
439 1024 551 1086 ineedit
564 1026 603 1084 ed
618 1026 729 1106 plaoita
742 1045 798 1087 rua
815 1025 1027 1098 oonflrmanda,
1049 1037 1080 1086 et
1100 1024 1140 1085 ed
1160 1028 1307 1088 morrena

210 1119 379 1191 retenone,
402 1119 451 1179 rel
473 1119 641 1189 eludendat
662 1130 697 1180 ut
716 1123 869 1182 ueritatem
883 1121 1077 1182 assertionum
1090 1121 1182 1198 ipeiur
1196 1121 1308 1180 umbili-

210 1234 291 1282 rerut
312 1225 347 1274 ut
370 1214 515 1274 vafritiem
536 1215 610 1294 ejnr,
634 1217 685 1276 ubi
697 1217 783 1296 queri
796 1235 833 1276 ox
847 1215 962 1276 insidiis
976 1216 1049 1296 agit,
1074 1235 1141 1294 quae
1156 1216 1307 1276 Leetorem

210 1309 376 1389 imperitum
387 1309 474 1369 facile
487 1309 593 1389 fngiat,
606 1310 700 1370 oeulie
715 1327 911 1389 exponeretur
933 1320 968 1369 ut
988 1310 1116 1388 denique
1129 1310 1161 1368 in
1175 1311 1307 1388 apricum

210 1406 371 1485 proferrem
390 1405 547 1466 ridiculum
566 1404 653 1477 illud,
675 1406 757 1484 quod
770 1407 800 1464 in
815 1406 950 1466 omnibur
964 1423 1039 1485 quae
1053 1415 1206 1486 oppugnet
1218 1406 1307 1465 rebur

211 1500 356 1561 edlribuit.
398 1499 476 1560 liaeo
487 1508 557 1560 eunt
571 1519 639 1579 qum
652 1501 725 1561 feeit
737 1511 808 1562 ente
822 1521 868 1562 me
882 1521 978 1562 nemo.
1020 1501 1097 1560 Nem
1112 1501 1308 1560 uteatllore·

211 1594 270 1655 tine
286 1613 371 1655 verne
386 1593 523 1667 Protene,
544 1615 624 1674 empe
638 1596 748 1656 former
762 1595 915 1670 variando,
937 1597 1115 1677 interpreter
1137 1615 1208 1657 enon
1228 1611 1308 1675 eope

210 1689 326 1768 elingit,
340 1689 392 1769 qni
407 1709 475 1750 oum
485 1691 582 1771 iprum
591 1691 812 1771 deprehendere
821 1691 987 1771 nequirent,
998 1701 1152 1772 stupentee
1162 1692 1307 1765 fecerunt,

210 1784 292 1863 quod
313 1795 483 1865 potuerunt.
525 1787 690 1848 affirment
712 1789 741 1848 ei
762 1805 965 1868 erepenumero
986 1805 1107 1848 rentum
1127 1805 1188 1846 non
1211 1786 1307 1872 ¹tolum

211 1879 371 1951 divertium,
395 1881 449 1941 red
472 1883 561 1943 etiem
582 1882 750 1956 adversum,
773 1897 920 1964 quemque
941 1881 1005 1961 ipre
1027 1899 1064 1942 eo
1086 1881 1153 1942 looo
1176 1882 1308 1940 refellere

210 1975 314 2038 voluit.
356 1977 424 2037 Non
438 1977 520 2056 qnod
532 1997 590 2058 ego
602 1978 759 2057 quiequam
769 1977 935 2039 detructum
950 1977 991 2037 eir
1006 1977 1103 2050 velim,
1113 1977 1164 2055 qni
1178 1988 1247 2036 ente
1260 1993 1308 2036 me

212 2070 338 2132 Horatio
363 2073 540 2133 illuetrendo
562 2074 694 2134 laborem
718 2091 805 2134 enum
829 2073 1038 2134 contulerunt:
1067 2071 1159 2131 lando
1182 2085 1308 2132 conatur

210 2163 337 2238 illorum,
351 2166 394 2226 illi
408 2167 479 2228 mihi
492 2169 568 2228 riam
585 2180 772 2248 aperuerunt.
813 2169 845 2230 Si
858 2187 918 2248 que
929 2169 959 2226 in
974 2188 1005 2228 re
1015 2187 1072 2246 ego
1085 2168 1152 2226 illoe
1162 2167 1307 2246 reparari,
1356 2183 1361 2197 “

211 2279 298 2320 omne
310 2260 385 2321 illud
400 2275 554 2342 aeoeptum
570 2264 664 2324 refero
676 2266 794 2342 magnit
808 2265 873 2325 irtio
887 2283 925 2324 ex
938 2264 1114 2341 antiquitate
1130 2263 1210 2335 virle,
1231 2276 1308 2340 quor

211 2355 320 2433 majore
329 2376 398 2417 oum
409 2375 490 2428 oum,
500 2357 609 2437 majore
618 2370 698 2417 eerte
708 2359 781 2431 otio,
790 2358 860 2437 legi,
875 2359 1035 2417 Homerum
1048 2353 1127 2429 dieo,
1140 2353 1308 2428 Platonem,

212 2450 414 2524 Arirtotelem,
432 2453 567 2532 aliosque
592 2463 653 2514 tam
673 2453 807 2527 Grmoot,
828 2471 917 2532 qnam
939 2451 1071 2525 Latinor,
1092 2467 1168 2529 quor
1189 2451 1309 2512 erridue

212 2554 284 2620 tero,
308 2557 343 2608 ut
362 2547 403 2608 ed
425 2567 526 2609 eornm
549 2557 671 2629 guttum
694 2549 847 2612 reformem
869 2565 978 2621 meum,
998 2563 1157 2627 eorumque
1177 2546 1308 2607 lontibur

212 2640 328 2722 ingenii
337 2653 369 2705 et
378 2644 489 2706 Jndioii
502 2646 561 2707 mei
575 2646 709 2708 hortulor
721 2647 851 2727 irrigem.
1242 2649 1245 2654 ’

253 2739 323 2800 Non
345 2738 466 2816 derunt,
487 2742 561 2814 reio,
585 2741 631 2803 hir
649 2742 830 2822 temporibne
852 2742 903 2821 qni
918 2757 1028 2822 magna
1041 2735 1092 2800 illa
1106 2737 1234 2800 Nomine
1247 2739 1308 2798 ritu

199 2836 375 2916 excipient,
394 2837 446 2918 qni
465 2839 628 2899 reclament
641 2835 790 2912 laudibur‚
808 2837 914 2918 quibus
930 2853 982 2916 per
996 2835 1094 2896 omnia
1108 2835 1218 2896 seeoula
1230 2833 1309 2894 eele-

212 2931 289 2992 breti
302 2933 456 3012 omenque
469 2944 549 3006 tunt,
575 2936 684 3015 quique
696 2934 765 2995 illor
779 2933 907 3014 spoliare
926 2933 1019 2994 velint
1031 2931 1067 2990 iio
1081 2930 1209 3004 coronio,
1231 2941 1308 3010 quet

214 3035 297 3087 tanto
316 3047 370 3088 suo
383 3028 486 3090 merito
500 3030 537 3089 de
550 3029 757 3091 Tribunalibue
777 3029 853 3090 adeo
876 3028 1010 3107 engnrtir
1032 3035 1227 3105 reportarunt.
1268 3025 1310 3085 At

214 3126 255 3198 hi,
268 3122 341 3183 dum
353 3119 444 3183 nimio
457 3121 618 3186 efferuntur
632 3125 730 3186 etudio
738 3141 805 3186 earn
815 3123 967 3184 devitandi
976 3121 1209 3194 admirationem,
1222 3120 1309 3199 oujnr

214 3231 309 3281 meter
327 3229 374 3279 ert
395 3219 572 3297 ignorantia,
593 3221 795 3301 imprudenter
809 3218 969 3280 diocedunt
982 3217 1020 3277 ub
1035 3216 1126 3277 altere
1140 3216 1202 3290 ille,
1219 3233 1309 3294 quem

214 3315 302 3374 Plato
315 3324 468 3392 nuncupet
487 3319 631 3375 ‘matrem
644 3314 818 3395 replentia:
838 3331 964 3394 querque
984 3313 1079 3391 prime
1097 3311 1201 3372 oculor
1214 3312 1311 3371 homi·

215 3409 303 3469 nibut
316 3410 440 3488 aporuit.
481 3409 605 3470 Minime
622 3410 711 3468 miror
728 3408 974 3489 pulchritudinem
988 3407 1221 3479 illamdivinam,
1242 3425 1310 3485 qum

214 3505 295 3586 apud
316 3504 481 3582 Scriptorer
507 3504 596 3584 longe
618 3505 881 3584 praetenderim
895 3503 1003 3576 elueet,
1017 3503 1090 3562 ietoe
1101 3502 1235 3562 hominen
1249 3511 1310 3559 non

214 3619 332 3679 erpere,
353 3617 451 3678 neque
465 3599 598 3664 trabere:
620 3619 725 3682 nempe
746 3600 919 3661 infirmiore·
938 3609 1018 3672 runt,
1042 3617 1130 3677 quam
1154 3606 1188 3656 nt
1208 3596 1310 3657 oculor
1437 3673 1440 3680 γ

215 3695 306 3756 tentio
327 3693 534 3773 epleudoribnr
548 3695 678 3757 intentor
692 3691 742 3756 diu
758 3706 857 3756 tenere
870 3703 1001 3774 queant:
1023 3712 1060 3753 ne
1081 3691 1179 3752 dicam
1192 3690 1310 3752 facilem

214 3807 282 3850 eeea
294 3808 356 3850 rem
369 3789 516 3868 Antiqnor
528 3801 730 3864 contemnere,
743 3791 922 3852 leborioeam
934 3807 1004 3849 rero
1014 3785 1191 3864 intelligere.

256 3884 345 3954 Quod
358 3884 397 3943 ed
410 3904 458 3945 me
472 3886 588 3958 attinet,
604 3886 729 3946 Divino·
742 3886 810 3945 illoe
822 3885 910 3944 Viror
921 3901 959 3942 ex
973 3881 1072 3942 animo
1086 3890 1167 3940 totur
1181 3877 1311 3940 edmiror

215 3995 406 4058 venerorque.
446 3981 507 4040 Eoo
521 3981 591 4041 milri
605 3997 722 4062 temper
742 3983 781 4041 ob
805 3980 907 4040 oculor
928 3995 1019 4061 pono,
1033 3976 1113 4038 velut
1126 3971 1247 4036 Judiees
1263 3993 1313 4036 re·

216 4073 324 4134 rendor
342 4083 374 4135 et
395 4075 592 4154 incorruptoe,
616 4077 697 4157 apud
718 4095 794 4156 quoe
814 4073 939 4137 libenter
952 4073 1033 4154 fingo
1047 4065 1228 4133 reddendam
1242 4067 1311 4130 inihi

217 4187 283 4228 eree
294 4169 469 4247 eoriptorum
483 4189 614 4232 meorum
628 4173 782 4234 rationem.

257 4262 371 4340 Magne
392 4263 507 4325 interim
521 4263 614 4329 ducor
627 4264 813 4329 Poeteritatir
827 4265 989 4328 reverentia
1003 4282 1012 4324 ι
1033 4259 1160 4324 timidior
1174 4277 1263 4338 quem
1277 4257 1311 4318 fi-
