3150 4892
273 345 339 412 640
729 358 930 407 excursus

306 505 391 555 Quam
405 516 454 551 nou
467 499 617 565 gesrirsiere
628 496 760 549 offendeet
769 498 836 559 iseo,
848 512 879 549 ae
891 499 962 551 reiut
972 506 1081 563 stupore
1092 500 1202 565 quodem
1215 504 1381 565 percellent?

275 581 331 647 quis
342 596 393 631 nou
411 581 509 644 frigore
520 588 547 630 et
558 578 725 643 febriliquesl
740 579 846 629 lrnrrore
862 592 892 629 sa
907 578 1003 642 corripi
1019 580 1133 631 sentiet?
1151 582 1206 645 quis
1222 596 1272 632 non
1289 583 1381 646 inique

274 661 354 724 feret,
364 660 516 724 interrumpi
528 667 554 709 et
566 659 671 722 reprimi
686 672 756 720 euru,
771 658 798 706 in
817 672 868 721 quo
882 658 938 723 jam
957 664 1086 723 versetur,
1103 660 1305 712 enthusiesmum
1324 670 1377 713 tem

272 742 428 806 importunis
438 740 584 805 ineptisque
596 738 729 788 versibus?
745 737 804 802 qnis
816 751 861 789 eor
873 752 923 789 nors
942 740 983 789 ral
999 738 1091 791 ebeese
1105 747 1190 804 optet,
1206 743 1274 793 sele
1285 744 1380 807 qeoeie

273 822 324 871 elio
335 822 431 886 potins,
439 833 514 884 quem
526 818 559 868 ab
568 818 626 882 ipso
635 818 755 872 floretis,
766 815 849 866 t'nctos
862 817 1025 883 insertosque
1037 832 1103 875 esse,
1115 820 1164 870 sibi
1177 822 1352 884 pereuedesti

304 900 421 950 Primum
439 899 554 963 ipsorum
570 912 686 947 sennem
705 897 862 947 sententium
883 897 1046 960 espieiemns.
1079 898 1168 949 ‘Nolo
1181 900 1234 962 jem
1246 916 1378 967 querere,

273 982 343 1033 ende
352 978 483 1030 Vindelici
493 992 551 1027 enm
562 992 660 1027 morem
677 978 837 1042 acceperint,
848 983 876 1025 nt
888 975 973 1027 securi
985 974 1126 1027 Amazonis
1138 984 1253 1044 utentur,
1264 982 1381 1031 omniun·

273 1076 334 1127 quc,
349 1059 419 1111 unde
433 1059 544 1122 origines
561 1057 675 1107 ducents
691 1071 741 1106 uec
759 1057 826 1107 scire
844 1057 908 1107 lieet
926 1057 1029 1107 emula.'
1062 1058 1131 1111 Quid
1143 1060 1224 1123 megis
1235 1060 1348 1111 alienum
1361 1077 1378 1111 e

273 1140 387 1206 poitiers,
397 1138 474 1202 idque
486 1138 568 1201 lyrica
579 1136 687 1199 retione,
697 1137 759 1201 qnid
777 1136 861 1199 magis
878 1136 990 1189 silenum
1002 1138 1036 1187 sb
1047 1138 1096 1188 isne
1108 1146 1269 1211 argumento,
1281 1140 1315 1191 ab
1326 1142 1378 1191 hnc

272 1221 403 1283 carmine,
418 1218 451 1270 eb
470 1218 518 1266 leno
535 1218 591 1267 loco
608 1216 729 1281 denique,
746 1215 808 1281 quid
825 1216 945 1265 humilius
962 1223 1041 1281 atque
1058 1216 1160 1279 exilius,
1177 1218 1238 1283 quid
1258 1219 1378 1269 inutilior

271 1306 352 1366 etque
362 1297 489 1357 miserius,
500 1295 562 1361 quid
575 1294 703 1358 indignior
714 1294 826 1346 Horatio
838 1309 896 1361 essa
908 1296 990 1359 possit
998 1297 1047 1348 lrua
1059 1297 1103 1347 teli
1117 1299 1284 1363 parenthesi?
1300 1298 1377 1351 Obli-

271 1379 404 1442 riscimur,
424 1391 471 1425 nos
494 1376 582 1440 legere
600 1375 729 1438 incepisse
746 1373 823 1424 Oden
840 1373 974 1423 sublimem
992 1376 1148 1443 plenamque
1166 1378 1258 1427 caloris
1274 1378 1377 1446 Pierii,

271 1458 359 1509 subito
369 1457 449 1508 deleti
459 1470 545 1506 sumus
562 1457 590 1505 in
607 1457 852 1505 commentationem
871 1454 1021 1506 historicam
1039 1458 1080 1505 rel
1091 1457 1271 1521 entiquerism.
1303 1460 1376 1523 Ergo

271 1553 385 1591 sommus
393 1535 557 1602 untiquitstis
563 1535 650 1585 Polite
658 1536 686 1585 in
694 1536 788 1597 medio,
799 1548 882 1603 eoque
890 1535 1077 1598 eseeldssiero,
1087 1550 1138 1600 quo
1147 1550 1258 1601 uuquam
1266 1541 1376 1602 uersis,

270 1619 454 1676 enthusissmo,
465 1615 529 1665 setis
540 1616 695 1679 pulegmssis
705 1614 803 1677 hebuit,
813 1614 877 1666 setis
891 1615 1029 1679 tranquillo
1041 1606 1073 1667 eo
1083 1616 1156 1669 leuto
1169 1616 1254 1667 enimn
1269 1615 1333 1680 fult,
1344 1627 1377 1673 er

270 1696 411 1759 concipere
426 1707 528 1745 sensum
545 1702 596 1744 tem
609 1693 741 1758 frigidum,
756 1694 874 1745 inserere
882 1701 937 1745 tam
946 1695 1057 1747 elienses
1068 1696 1225 1747 sententium
1239 1696 1376 1761 potnerisi

270 1777 332 1826 Hoc
342 1776 365 1826 si
375 1776 433 1840 quis
441 1775 550 1825 eredere
560 1775 652 1838 possit,
663 1788 722 1825 snm
732 1788 815 1839 neqee
831 1774 930 1839 ingenii
941 1774 1093 1837 Horatiani,
1100 1788 1185 1841 neque
1196 1776 1305 1826 rationis
1312 1778 1376 1842 lyri-

271 1870 412 1920 eoe,neque
422 1855 568 1903 universnm
588 1853 666 1903 enimi
685 1854 788 1903 irumsni
806 1852 919 1904 indolem
936 1868 1013 1904 nosse
1025 1860 1102 1919 elque
1115 1854 1260 1918 intelligere
1272 1862 1374 1919 putem.

271 1934 316 1998 Al,
328 1935 410 1999 inquit
421 1934 562 1994 Bessarus,
581 1933 742 1982 necessarius
753 1938 796 1982 est
806 1932 857 1983 lste
870 1932 941 1983 inens
952 1935 986 1983 ed
998 1933 1159 1985 indicendum
1176 1923 1287 1985 hostium
1302 1933 1374 1984 fere-

269 2014 346 2063 ciem.
380 2013 405 2063 0
417 2012 579 2076 insipientem
590 2012 718 2063 iruerinenr
729 2018 809 2076 etque
818 2011 966 2062 inficetum!
1000 2014 1027 2063 Si
1039 2012 1120 2063 voluit
1130 2014 1254 2063 Horstins
1263 2016 1374 2079 pingere

268 2093 463 2143 Vindelicorum
477 2090 599 2141 ferociam
609 2090 674 2155 (qno
689 2091 793 2140 onelne
803 2104 888 2155 perse
900 2092 987 2143 valere
1004 2092 1136 2143 ‘secures'
1149 2094 1294 2159 poterent),
1309 2095 1374 2145 isne·

268 2172 328 2223 cine
340 2186 398 2221 ennr
409 2172 446 2221 its
456 2172 544 2234 inepte
555 2170 705 2234 instituere,
716 2171 754 2221 ite
765 2172 858 2221 inseite
868 2172 973 2235 eggredi
982 2174 1097 2236 potuisse
1106 2173 1252 2237 credemus,
1262 2181 1290 2224 nt
1298 2174 1373 2225 dire·

269 2261 328 2303 ret:
346 2252 421 2303 ‘nolo
438 2258 564 2316 quntere,
583 2250 652 2300 unde
667 2264 771 2300 seonres
791 2252 958 2315 acceperint3
975 2266 1024 2302 neo
1045 2254 1113 2303 scire
1133 2252 1171 2301 fes
1191 2262 1232 2303 est
1253 2253 1373 2303 omuisi'

267 2334 334 2383 Quis
346 2333 372 2382 in
383 2334 431 2382 hee
442 2332 486 2381 teli
505 2332 640 2381 verborum
659 2330 829 2381 conversione
846 2332 910 2381 lllnd
926 2332 1070 2395 consiliem,
1085 2334 1142 2398 quis
1160 2334 1372 2398 plerorumque

268 2412 392 2462 Romnum
402 2410 533 2461 fidicinem
545 2411 609 2474 lyme
622 2410 763 2475 agnoscet?
797 2410 924 2461 Decerius
936 2412 998 2461 lieet
1010 2411 1134 2474 fetentur,
1151 2414 1228 2476 plene
1238 2412 1371 2476 prosaicos

166 2476 170 2485 ¹
267 2499 345 2558 atque
356 2493 466 2542 irnmiles
477 2506 534 2543 esse
545 2492 592 2540 isos
602 2505 701 2552 versos,
713 2504 799 2556 neque
810 2492 929 2557 meritus,
939 2492 981 2556 qui
991 2491 1017 2541 iu
1026 2492 1091 2543 benc
1103 2490 1180 2543 Odeu
1191 2490 1349 2543 inferrentur
1362 2510 1371 2555 ς

267 2577 355 2621 tamen
366 2570 484 2621 excusari
495 2570 600 2620 eosdem
618 2578 647 2619 et
658 2568 720 2619 ferri
737 2584 813 2634 posse
826 2576 909 2633 putat,
920 2579 1047 2634 quatenns
1059 2568 1197 2635 repimoors
1206 2572 1281 2621 nubis
1291 2573 1371 2623 hodie

266 2652 357 2713 ignote
367 2651 451 2700 locum
464 2650 514 2699 iilis
526 2650 587 2699 dere
599 2652 728 2713 potnerit:
746 2651 802 2700 sire
820 2650 909 2701 Romu
921 2660 948 2701 et
964 2652 990 2701 in
1002 2652 1061 2701 auls
1071 2652 1184 2717 Augusti
1195 2667 1226 2703 eo
1240 2661 1370 2719 tempore,

267 2729 404 2779 cressione
414 2729 531 2777 victorin
544 2728 635 2789 Drusi,
645 2730 720 2778 multi
733 2730 848 2795 variique
858 2744 999 2793 sermones,
1009 2746 1163 2796 magumque
1174 2734 1370 2789 controversie,

266 2808 301 2857 de
311 2808 445 2857 securibus
453 2808 649 2857 Vindelicorum
659 2808 818 2870 inciderintr
834 2812 891 2861 sire
908 2810 992 2861 Podte
1008 2810 1082 2861 resse
1098 2818 1206 2876 teugere
1217 2820 1297 2877 etque
1309 2812 1370 2862 irri-

266 2886 330 2937 dere
342 2888 452 2936 voluerit
463 2887 579 2951 ineptum
591 2888 660 2937 illius
679 2890 764 2939 teletis
776 2889 897 2954 Politen,
914 2892 957 2955 qni
972 2892 997 2941 irr
1016 2891 1148 2955 Carmine,
1165 2907 1217 2957 quo
1233 2888 1369 2942 celebrere

264 2965 420 3016 instituisset
429 2968 510 3017 Drusi
521 2967 664 3030 vintorism,
676 2969 717 3017 rel
727 2969 778 3018 elio
790 2983 951 3035 quocumque
958 2971 984 3019 iu
993 2984 1081 3034 opere,
1091 2974 1194 3021 curiose
1205 2985 1368 3037 operoseque

266 3044 300 3097 de
311 3047 398 3097 essuri
408 3047 602 3099 vindelicorum
612 3048 753 3100 Amsesnle
768 3050 969 3115 dieqnislrisset.
1001 3048 1162 3114 Seffrsqetnr
1172 3052 1212 3100 iris
1223 3051 1368 3115 onmes,

265 3126 377 3175 morderi
395 3135 489 3189 petens
505 3127 616 3177 Domitii
635 3128 718 3179 Messi
729 3128 839 3191 Peisius,
855 3127 1023 3193 dmesonidm
1035 3130 1104 3195 qnod
1114 3137 1240 3180 eseurorst
1249 3130 1370 3180 Mertiei·

266 3215 308 3253 ιν.
319 3209 362 3255 29.
393 3207 446 3257 Sed
462 3222 520 3257 esre
536 3206 641 3263 fecilies
659 3216 701 3258 est
719 3208 805 3273 eloqui
816 3215 844 3258 et
858 3222 1003 3272 proponere
1021 3209 1088 3259 seles
1104 3208 1278 3272 conjectures,
1288 3224 1369 3275 qnenr

264 3294 353 3334 esrum
374 3287 510 3336 veritatem
521 3287 678 3349 ostendere3
697 3295 752 3338 tuns
762 3290 804 3339 sel
816 3288 854 3339 sic
865 3288 970 3341 Horatii
981 3289 1123 3354 eorumque
1136 3303 1256 3339 versuum
1275 3290 1369 3341 honori

264 3366 331 3415 mele
340 3368 493 3418 somnitus.
526 3368 594 3417 Neres
604 3368 771 3432 ooglrsndme
781 3370 899 3433 eriaqso
912 3370 938 3419 in
950 3370 1008 3419 loeo
1019 3375 1047 3419 et
1056 3370 1230 3421 statuentis
1240 3370 1274 3419 sit
1285 3378 1366 3435 etque

264 3458 323 3495 esse
333 3446 430 3497 deeset
440 3448 471 3511 ie,
482 3448 527 3512 qui
537 3447 570 3497 sd
581 3447 722 3512 jocandum
736 3455 817 3512 etque
825 3448 985 3499 irridendum
996 3447 1104 3501 feretur.
1138 3450 1203 3502 Quis
1214 3464 1268 3499 nnn
1282 3450 1366 3513 ridel,

264 3525 440 3575 edridendrssu
452 3540 518 3591 opus
528 3541 585 3577 esse
603 3528 709 3577 remisse
725 3527 836 3592 quedem
854 3528 930 3577 enimi
942 3528 1046 3587 inertie,
1061 3530 1201 3594 tranquille
1212 3530 1325 3595 qrsedsns
1336 3538 1366 3581 at

262 3604 335 3655 iente
344 3606 485 3664 lrileritete‚
495 3607 538 3658 oni
549 3608 634 3657 nullus
644 3609 750 3659 omnino
766 3609 839 3659 loeus
857 3622 914 3659 esse
927 3610 954 3659 in
965 3608 1066 3659 sublimi
1083 3610 1255 3661 sarmitum>
1267 3610 1369 3675 ΜΗ

262 3683 352 3737 Qusrs
369 3686 427 3750 quis
444 3693 497 3737 tser
516 3687 622 3750 igneros
637 3689 740 3738 sitnon
757 3690 840 3739 solnm
859 3690 966 3753 spiritns
986 3690 1094 3754 politici,
1108 3691 1153 3741 sed
1170 3692 1248 3741 etiem
1259 3698 1363 3741 neturus

157 3816 162 3823 ‚
262 3764 355 3813 urentis
366 3766 492 3829 nomene,
503 3766 548 3830 qui
559 3767 667 3817 eredere
679 3768 905 3831 possit,sieanbitn
915 3770 1047 3832 ingenium
1056 3769 1160 3819 Horatii
1169 3770 1202 3820 sb
1214 3777 1265 3819 tam
1275 3771 1362 3821 ascel-

262 3842 336 3890 siser
348 3844 491 3909 magnificis
500 3846 618 3895 sensibus
629 3846 661 3895 sd
667 3848 743 3909 jocos
753 3848 874 3897 satiricos
886 3848 981 3911 delabi,
990 3850 1026 3898 sic
1034 3849 1120 3899 subito
1128 3849 1186 3914 ejus
1195 3851 1361 3901 entlrusinsnri

261 3917 388 3981 impetum
408 3924 464 3972 sisti
481 3931 509 3973 et
527 3924 654 3981 eohilserl,
672 3925 832 3989 phantesiens
854 3925 989 3978 ardentem
1006 3928 1114 3993 glaciari
1130 3930 1205 3993 qussi
1219 3937 1247 3979 et
1262 3927 1360 3994 frigore

263 3999 370 4064 astringi
381 4004 513 4066 potuisse?

294 4079 400 4130 Deinde
411 4096 486 4144 qnam
498 4084 643 4147 importune
654 4084 694 4133 iris
705 4086 821 4135 versibus
832 4086 994 4150 interpositis
1010 4087 1213 4153 interrumpetur
1230 4090 1286 4154 ipse
1300 4104 1359 4138 seu·
1378 4132 1383 4139 .

261 4173 335 4209 suum
345 4162 482 4222 connexio,
491 4160 606 4226 inprimis
617 4164 694 4214 etism
706 4172 829 4230 appetet,
840 4166 861 4215 si
874 4167 997 4218 toilnutar
1010 4182 1025 4217 a
1037 4168 1139 4219 medlo:
