3150 4892
280 357 347 424 760
624 371 781 422 naoaarr
806 371 1001 422 aasrarro

277 511 360 592 quod
373 509 423 572 ille
436 511 516 572 hunc
529 510 676 571 scribendi
688 524 751 571 arte
764 511 854 591 longe
875 512 1066 590 superaverit,
1087 511 1130 571 nti
1154 510 1248 574 voluit
1260 511 1375 572 (lasau-
1425 557 1433 574 .

277 611 385 682 bonus,
405 626 590 685 consequens
606 608 661 667 erit
673 608 791 666 Horatii
804 627 922 686 quoque
936 607 1047 666 Satires
1061 626 1080 667 a
1094 605 1253 668 Lucilianis
1265 607 1373 668 diversi

277 721 397 782 prorsus
421 701 514 761 inisse
535 702 663 780 generis,
683 701 923 780 quandoquidem
939 702 1078 763 Horatius
1094 721 1153 760 non
1167 702 1264 763 minus
1277 705 1375 763 evexit

279 799 392 858 Satiras
406 815 475 857 suas
490 816 580 874 supra
593 795 745 866 Lucilium,
766 814 855 874 quam
869 795 919 856 ille
933 815 1003 854 suas
1019 816 1105 874 supra
1129 797 1256 856 Ennium
1271 809 1301 856 et
1314 797 1373 856 Pa·

278 893 395 954 curium
417 901 563 952 evexerat.
604 891 738 952 Douzsm
761 911 879 970 quoquc
900 891 1006 952 ielellit
1030 893 1086 951 iste
1110 892 1261 952 Diomedis
1276 893 1373 954 locus.

279 988 345 1048 Hoc
361 1006 420 1046 non
431 1006 468 1046 eo
478 986 539 1046 dixi
552 985 634 1065 qnod
644 1005 770 1048 errorem
781 985 875 1046 levem
886 995 1032 1046 tantorum
1045 987 1170 1046 virorum
1183 997 1286 1046 notare
1300 1006 1373 1066 gau·

279 1084 376 1155 deam,
390 1081 445 1142 sed
459 1083 554 1142 solum
569 1091 603 1142 ut
616 1081 825 1152 demonstrem,
848 1092 961 1159 quanta
985 1100 1052 1140 cum
1069 1100 1139 1140 cura
1152 1093 1183 1140 et
1194 1081 1311 1142 cautela
1325 1103 1375 1144 co·

277 1198 341 1238 rum
353 1197 444 1258 opera
457 1178 555 1255 legere
565 1186 711 1256 oporteat,
722 1177 773 1236 ubi
783 1177 821 1236 de
834 1195 865 1236 re
873 1177 970 1255 agitur
980 1177 1106 1236 obscura
1116 1175 1192 1236 adeo
1201 1188 1231 1238 et
1239 1177 1372 1256 antiqua.

319 1273 460 1353 Antiquos
474 1272 578 1331 Satires
590 1271 628 1330 ad
643 1273 749 1332 Scenae
763 1291 849 1332 usum
863 1272 1035 1350 compositas
1051 1273 1193 1332 Naturam
1208 1271 1370 1340 declaravi;

278 1368 397 1447 planum
413 1368 470 1428 leci
483 1367 552 1428 inde
567 1368 732 1447 exemplum
747 1369 803 1428 sibi
817 1369 956 1428 sumsisse
980 1367 1126 1434 Enniuma
1149 1367 1221 1426 satis
1244 1365 1373 1446 denique

277 1463 482 1523 confirmatum
496 1462 565 1522 dedi
581 1464 668 1522 Ennii
682 1463 862 1541 Pacuviique
876 1462 1008 1542 ejusdem
1022 1481 1088 1522 esse
1103 1461 1221 1540 generis
1235 1481 1302 1522 cum
1317 1463 1373 1522 Sa·

277 1556 339 1618 tiris
352 1557 456 1619 Lucilii
469 1566 500 1618 st
514 1557 639 1630 Horatii,
652 1559 734 1638 quod
747 1568 846 1618 tamen
862 1559 989 1617 Carmen
1005 1576 1063 1618 non
1078 1556 1134 1616 nisi
1149 1558 1186 1616 ab
1201 1555 1325 1616 Horatio
1334 1557 1374 1618 sd

278 1671 446 1732 supremum
458 1653 610 1732 iasdginm
621 1653 796 1733 perductum
806 1663 863 1712 est.
884 1654 952 1713 Jam
963 1651 1003 1712 ad
1013 1653 1137 1713 alterum
1150 1650 1255 1711 Satira
1266 1669 1373 1730 genus,

277 1748 360 1826 quod
373 1747 469 1826 recepi
484 1748 704 1828 exponendum,
717 1749 799 1828 quud
813 1759 844 1807 et
857 1749 952 1827 ipsum
966 1767 1085 1826 quoque
1098 1750 1136 1808 ab
1150 1747 1273 1827 antiqua
1286 1746 1375 1825 origi·

277 1860 346 1901 nem
359 1840 455 1916 duxit,
470 1854 587 1924 tempus
607 1855 654 1904 est
676 1845 835 1906 accedere:
857 1863 893 1904 ea
916 1854 961 1904 est
981 1863 1050 1923 qupe
1074 1841 1239 1921 appellatur
1259 1842 1374 1902 ‘Satira

276 1937 476 1996 Varroniana'
490 1938 536 1998 vel
553 1939 754 2022 ‘Menippea,'
772 1938 853 2018 quod
870 1939 979 2018 primns
994 1939 1058 2018 ejus
1073 1947 1270 2012 auctorerset
1279 1937 1374 1998 Varro

277 2029 478 2090 Romanorum
497 2032 699 2103 doctissimus,
722 2025 861 2112 quodque
874 2033 903 2093 in
917 2053 953 2094 eo
967 2052 1055 2112 opere
1072 2031 1205 2112 Menippi
1220 2030 1374 2092 Gadaren-

277 2125 329 2198 sis,
340 2124 513 2205 Philosophi
527 2127 642 2208 Cynici,
655 2147 750 2187 mores
764 2127 895 2188 imitatus
909 2137 998 2188 esset.

316 2219 384 2281 -Nec
398 2221 463 2282 sola
476 2222 648 2282 Carminum
662 2223 803 2284 varietate
817 2224 904 2283 mista
917 2234 963 2284 est
977 2223 1035 2282 ista
1058 2221 1173 2288 Satira:
1198 2239 1265 2280 nam
1279 2219 1373 2279 Varro

276 2315 303 2375 ei
318 2316 534 2394 interposuerat
546 2337 664 2396 prosum
679 2319 851 2390 orationem,
872 2318 1037 2398 promiscuo
1057 2317 1145 2377 etiam
1160 2336 1216 2377 usu
1232 2317 1330 2376 Grreci
1343 2324 1373 2376 et
1466 2325 1495 2426 p

278 2409 374 2470 Latini
396 2412 558 2472 Sermonis.
599 2412 800 2481 Quintilianus
824 2414 861 2473 de
883 2412 985 2472 Lucilii
1010 2413 1106 2472 Satira
1128 2411 1244 2471 locutus
1270 2410 1372 2471 addit:

276 2505 430 2567 ‘Alterum
442 2507 517 2567 illud
532 2516 624 2568 estet
637 2509 718 2587 prius
732 2509 840 2568 Satiroe
854 2529 959 2588 genus,
974 2507 1054 2587 quod
1077 2526 1135 2566 non
1150 2505 1245 2567 solum
1261 2506 1375 2565 Carmi-

277 2620 348 2659 num
363 2603 503 2662 varietate
518 2602 637 2661 mistum
649 2601 784 2662 condidit
804 2601 958 2662 Terentius
983 2603 1084 2674 Varro,
1109 2601 1151 2661 vir
1175 2601 1372 2660 Romanorum

277 2695 492 2756 cruditissimus
502 2696 520 2764 ς’
542 2697 626 2776 cujus
649 2696 706 2757 loci
731 2696 819 2756 unica
841 2697 1001 2757 difficultas
1017 2699 1046 2757 in
1060 2717 1095 2757 eo
1111 2697 1207 2776 posita
1220 2707 1276 2766 est,
1290 2694 1371 2775 quod

276 2791 403 2851 affirmat
424 2791 625 2859 Quintilianus
647 2793 725 2852 hanc
748 2793 875 2854 Satiram
898 2793 1109 2854 Varronianam
1132 2793 1224 2852 luisse
1239 2791 1372 2871 priorem.

277 2885 345 2953 Quo
360 2885 438 2944 enim
452 2895 541 2964 pacto
552 2885 625 2945 illud
636 2887 697 2946 lieri
708 2887 815 2966 potuit,
826 2909 893 2949 cum
905 2902 993 2950 aetate
1004 2889 1098 2949 multo
1108 2887 1251 2967 posterior
1262 2884 1372 2946 Lucilio

276 2979 364 3038 luerit
375 2979 490 3040 Varrol
505 2981 545 3040 At
561 2981 687 3043 Satiram
702 2985 842 3046 Varronis
857 2996 987 3066 tempore
1002 2986 1125 3065 priorem
1138 2985 1240 3054 luisse,
1254 3003 1290 3043 es
1303 3001 1372 3042 vero

276 3093 335 3134 non
350 3084 397 3134 est
411 3076 586 3144 Quintiliani
600 3096 695 3152 mens,
709 3079 820 3158 quippe
834 3081 885 3160 qui
897 3081 987 3161 probe
1002 3079 1090 3140 sciret
1102 3097 1166 3138 eam
1177 3077 1279 3138 multis
1287 3075 1372 3136 annis

276 3169 368 3229 fuisse
389 3171 591 3232 recentiorem.
641 3172 675 3232 ld
697 3173 800 3246 voluit,
827 3175 952 3234 Satiram
974 3174 1053 3234 hanc
1073 3175 1115 3234 ita
1138 3174 1255 3232 mistam
1277 3170 1371 3251 magis

275 3266 470 3344 compositam
483 3286 551 3326 csse
565 3266 605 3327 ad
619 3268 707 3327 Ennii
721 3279 752 3328 et
762 3269 894 3340 Pacuvii,
905 3271 955 3348 qui
967 3271 997 3328 in
1013 3269 1116 3330 Satiris
1131 3269 1193 3328 suis
1208 3267 1301 3328 multa
1316 3269 1372 3328 sibi

275 3358 363 3422 licere
383 3361 550 3433 voluerunt,
564 3381 653 3441 quam
667 3363 707 3423 ad
724 3363 826 3424 Lucilii
841 3365 1016 3444 exemplum,
1038 3364 1090 3444 qui
1108 3363 1212 3423 Musas
1223 3363 1314 3423 coluit
1326 3381 1372 3422 se·

275 3474 415 3518 veriores.

316 3550 396 3610 Nihil
413 3552 498 3614 nobis
513 3563 606 3614 restat
626 3555 714 3617 hodie
730 3577 767 3618 ax
784 3558 924 3618 Varronis
944 3556 1059 3630 Satiris,
1072 3565 1178 3636 praeter
1194 3555 1372 3634 Fragmenta

275 3645 425 3722 quasdam,
452 3667 546 3726 eaque
571 3653 726 3712 maximam
754 3653 784 3711 in
809 3664 922 3731 partem
946 3652 1176 3734 corruptissima,
1200 3650 1370 3729 titulosque,

274 3758 398 3817 quorum
412 3742 527 3820 plurimi
542 3755 612 3804 sunt
625 3745 769 3827 duplices,
790 3749 843 3826 qui
862 3747 971 3808 indicio
994 3762 1075 3818 sunt,
1097 3755 1210 3825 quanta
1230 3755 1310 3807 esset
1323 3761 1373 3804 va·

274 3835 363 3895 rietus
378 3839 577 3912 materiarum,
597 3861 672 3919 quas
687 3841 780 3929 Varro
795 3843 854 3903 illic
870 3853 1055 3904 tractaverat.
1156 3839 1160 3850 '

249 3959 253 3965 ·
315 3929 438 3990 Senecae
453 3933 730 4015 Apocolocyntosis,
754 3939 851 3999 Boetii
875 3940 912 4000 de
935 3939 1147 3999 Consolatione
1170 3935 1371 4015 Philosophiae

272 4021 401 4130 tinellns,
417 4037 447 4178 'el
460 4026 590 4089 Petronii
604 4031 711 4092 arbitri
730 4033 885 4114 Satyricon
900 4043 971 4094 sunt
985 4033 1088 4094 Satirae
1102 4031 1293 4092 Varronianis
1307 4049 1370 4092 om·

275 4137 344 4178 nino
362 4137 427 4179 srmr
440 4139 483 4181 es.
