3150 4892
645 350 679 407 Q.
703 346 860 396 mortarii
886 343 1017 393 rhhcci

705 581 803 647 ODE
838 580 964 649 xlx„

692 747 743 794 AD
767 742 988 791 ratherium.
1092 793 1096 799 ,

295 859 411 910 Murteae
427 866 579 925 auguratum
594 861 699 926 adepto,
709 860 834 909 Horatius
844 859 984 921 Telephum
995 855 1106 905 Politam
1117 853 1239 903 Graecum
1252 857 1330 916 atque
1341 865 1382 899 so·

305 995 307 1004 γ
327 939 411 987 dalem
427 953 499 989 suum
516 941 644 1000 hortatur,
655 939 692 987 nti
705 939 802 986 relictis
812 938 897 986 doctis
910 937 983 997 ungis
994 936 1089 984 acriter
1100 946 1186 981 secum
1204 938 1294 994 potare
1313 931 1382 979 seiit.

327 1017 383 1085 (Au
395 1015 554 1068 occasionem
563 1016 636 1066 dedit
646 1029 720 1064 coena
730 1015 785 1080 ipsa
797 1015 924 1078 auguralis
936 1015 1073 1074 Murena,
1084 1011 1126 1062 cui
1137 1023 1165 1059 se
1176 1009 1257 1073 finget
1267 1022 1325 1057 cum
1335 1006 1381 1056 'l'e-

328 1099 404 1162 lepho
416 1097 573 1147 adhibitum?
591 1095 678 1160 Grsu.)

466 1191 663 1271 Quauruu
679 1190 779 1254 distel
794 1191 837 1252 ab
854 1189 979 1253 Inacho

510 1291 651 1368 Codrus,
664 1309 725 1373 pro
740 1288 850 1373 patria
862 1308 927 1352 uon
942 1285 1079 1351 timidus
1094 1287 1189 1361 mori,

468 1393 606 1468 Narras,
621 1398 656 1455 et
670 1408 775 1473 genus
788 1388 900 1463 AEuci,
986 1455 990 1463 ,

512 1491 556 1555 Et
569 1497 717 1575 pugnata
730 1507 827 1553 sucro
841 1488 933 1552 bella
947 1489 1010 1551 snb
1027 1485 1094 1551 llio
1109 1507 1117 1550 :

334 1639 412 1696 Quam
423 1639 492 1698 unge
508 1642 609 1686 remotus
622 1635 652 1684 ud
664 1634 752 1684 inacho
768 1634 803 1682 sit
821 1634 912 1683 Codrus
929 1649 973 1698 pru
987 1636 1069 1698 patris
1082 1635 1213 1685 mum
1230 1651 1277 1684 sos
1293 1636 1389 1690 ueritus.

299 1703 386 1766 refers,
402 1706 472 1765 utque
489 1702 587 1764 stirpest
604 1699 684 1761 AEuel,
701 1703 725 1748 ei
744 1696 873 1747 resinulas
890 1699 1011 1748 musa
1026 1701 1058 1748 sd
1077 1699 1173 1760 Musa
1188 1705 1319 1749 sumturus:
1336 1700 1390 1747 siles

754 1822 936 1844 ΜΙΙΝΟ

335 1905 395 1956 Ode
406 1905 507 1955 decima
518 1913 611 1980 quarta
622 1904 692 1955 Libri
702 1905 774 1954 tertii
786 1905 872 1980 lu‘Ed.
890 1905 984 1954 Saned·
1017 1905 1165 1968 Epigraphe
1177 1906 1202 1954 iu
1214 1905 1257 1955 ed.
1268 1904 1335 1954 Siur.
1350 1906 1390 1953 Ad

306 1969 488 2019 Gaulum-1
503 1971 585 2032 lupas.
596 1973 618 2018 1.
629 1973 654 2018 t.
666 1983 681 2018 a
692 1981 726 2017 m.
740 1983 779 2031 pr.
793 1969 864 2031 Lrps.
875 1972 899 2020 2.
908 1977 936 2017 et
948 1969 1034 2019 Plaut,
1045 1969 1153 2032 Raphel.
1164 1972 1236 2018 159⁴.
1247 1977 1276 2017 ut
1287 1969 1390 2018 emend.

303 2033 414 2097 Cuuiug.
424 2033 557 2083 uhtu-a
574 2031 646 2081 Unus
655 2031 807 2081 Bersmauni
818 2038 846 2080 et
858 2032 926 2097 Lips.
938 2036 962 2082 2.
973 2048 988 2080 a
999 2047 1033 2082 m.
1046 2047 1086 2096 pr.
1097 2047 1143 2081 aon
1154 2032 1251 2081 umidus
1258 2046 1301 2094 pru
1309 2031 1391 2095 putris

793 2141 903 2192 NOTAE

335 2237 450 2288 Metruur
461 2237 528 2288 idern
538 2237 607 2302 qnod
616 2252 636 2288 ι.
648 2237 735 2288 ΟΜ.
870 2239 923 2288 lod.
938 2239 981 2288 lib.
998 2253 1030 2288 ιι.
1064 2239 1137 2288 luter
1154 2238 1279 2288 Inachum
1295 2243 1323 2288 et
1343 2239 1393 2287 Co·

337 2317 348 2361 l
376 2313 498 2368 Qualem
517 2313 598 2378 distel,
620 2313 675 2377 hu]
702 2312 831 2376 Telephus
869 2313 1159 2365 drumintercesseruut
1168 2314 1228 2362 anni
1237 2313 1393 2376 septingenti

304 2387 388 2437 Poeta
406 2387 509 2437 llorstil
525 2386 666 2448 familiaris,
685 2387 740 2450 ejus
756 2393 831 2436 certe
869 2395 898 2438 st
908 2389 1074 2452 septuaginta
1084 2388 1206 2452 quinque,
1216 2396 1320 2436 autnon
1332 2389 1395 2436 mul·

304 2463 390 2512 rivalis
400 2463 426 2512 in
438 2475 525 2512 umore
541 2463 640 2526 hydim,
651 2477 685 2512 ex
695 2477 716 2511 ι.
727 2461 779 2512 Od.
789 2462 830 2512 18.
870 2469 898 2511 to
909 2474 993 2510 secus.

304 2535 333 2584 1s
344 2536 496 2586 Grncoruru
503 2535 751 2598 antiquashisturiss
760 2535 831 2584 erol·
903 2536 980 2584 2Pro
995 2535 1075 2597 priris
1088 2549 1135 2584 sou
1150 2534 1247 2583 timidus
1255 2533 1328 2597 suri]
1345 2535 1394 2582 Co·

306 2623 368 2658 sere
389 2615 418 2658 et
438 2609 524 2671 eloqui
546 2610 657 2658 emebat.
697 2609 831 2673 Ejusmodi
871 2608 933 2658 drus
943 2610 1000 2658 Rex
1012 2608 1207 2658 Atheniensium
1218 2623 1274 2658 curu
1286 2623 1317 2656 ea
1330 2607 1395 2656 Ora·

305 2682 393 2745 ltaque
412 2695 453 2730 res
474 2683 658 2746 intempestive
680 2691 709 2732 et
732 2684 832 2746 prolixe
872 2682 931 2732 culo
942 2681 1077 2731 didicisset
1087 2696 1132 2730 cos
1143 2680 1199 2730 fore
1210 2681 1321 2731 victores
1332 2683 1396 2730 inco

305 2762 453 2804 narrantem
476 2755 625 2819 interpellat
647 2755 782 2819 Horatius,
806 2758 840 2805 lu·
872 2757 941 2806 hello
951 2756 1019 2822 quod
1031 2771 1088 2806 curu
1097 2756 1266 2805 Dorienslbus
1276 2757 1314 2804 sui
1327 2770 1397 2818 gere·

306 2828 440 2890 medio,ut
457 2828 569 2891 videtur,
587 2831 719 2891 convivio,
736 2830 769 2880 ad
779 2845 838 2883 ser·⁴
862 2831 946 2888 ¹haut,
962 2846 1069 2896 quorum
1092 2833 1155 2880 Dux
1174 2831 1320 2891 cecidisset,
1340 2833 1397 2879 isos·

307 2917 396 2953 mones
408 2903 522 2954 traducit
539 2905 598 2954 loco
612 2913 639 2954 et
654 2907 763 2969 tempori
780 2920 834 2955 ms·
873 2905 936 2954 tium
948 2913 1034 2954 castra
1046 2905 1089 2953 rili
1105 2905 1194 2954 habitu
1209 2905 1397 2965 adiit,snllitem

307 2979 347 3042 gis
360 2992 501 3040 congruere
517 2977 662 3043 inritatque
673 2980 705 3027 ad
716 2980 834 3030 letitiam
868 2980 958 3043 jnrgio
985 2979 1124 3041 lacessivit,
1141 2986 1218 3043 atque
1239 2980 1398 3028 vulneratum

307 3053 457 3118 pleniorem,
466 3053 499 3102 ob
507 3050 604 3102 lactum
616 3067 738 3116 augurem
751 3054 834 3103 Licin.
875 3054 1235 3117 adsuicrederuprorocasit.
1266 3053 1341 3104 Quod
1354 3053 1398 3103 uhi

309 3129 446 3178 Murenam
458 3128 590 3191 utriusque
601 3129 718 3177 amicum.
874 3127 1017 3177 Dorienses
1028 3141 1151 3190 recepere
1162 3135 1253 3191 sponte
1271 3141 1299 3175 se
1318 3128 1399 3176 victos

343 3203 464 3259 Quorum
481 3203 553 3251 distet
573 3201 603 3251 ch
625 3201 713 3250 Inacho
731 3203 835 3268 codrus]
875 3199 986 3252 confessi
1006 3201 1191 3253 abscesserunt.
1223 3201 1398 3251 Videlustiu.

310 3275 335 3324 0
347 3275 470 3340 Telephe,
480 3275 619 3339 diligenter
637 3289 755 3324 numeras
772 3283 838 3340 quot
875 3274 922 3325 lib.
933 3276 1112 3326 invalidas.
1122 3281 1182 3326 nd.
1192 3279 1241 3327 dcc.
1257 3276 1399 3325 Exliuseb.

310 3352 370 3400 anni
392 3349 548 3400 effluxerunt
565 3351 597 3400 ab
616 3349 712 3400 Inacho
729 3350 836 3414 Argivo·
875 3352 968 3400 Clrron.
987 3351 1020 3401 A.
1032 3351 1072 3401 Μ.
1089 3355 1163 3401 litii.
1188 3351 1307 3401 ‘Codrus
1322 3351 1399 3413 juata

310 3427 465 3489 cumprime
483 3428 554 3490 Rege
572 3425 605 3476 ad
624 3427 734 3476 codrum
754 3427 835 3478 Atha·
874 3440 1025 3490 responsum
1034 3426 1148 3490 seipsum
1159 3427 1234 3474 morti
1246 3426 1351 3476 tradens
1363 3426 1401 3474 iu·

310 3503 436 3552 niensium
462 3503 559 3566 Regem
585 3503 734 3554 nitimums·
748 3516 836 3552 serum
875 3501 1004 3550 terimitur
1030 3501 1099 3550 bello
1124 3501 1352 3564 Peloponnesiaco,
1375 3501 1400 3548 in

310 3576 563 3641 modoquaerendum
579 3585 649 3627 esset
664 3579 750 3640 potius
768 3579 836 3626 unde
876 3589 928 3639 quo
947 3575 1144 3624 Heraclidarnnr
1163 3589 1268 3640 regnum
1287 3577 1401 3624 destruc·

312 3658 341 3697 et
351 3650 498 3713 quopretio
514 3663 657 3699 mercemur
673 3653 758 3700 vinum
770 3653 837 3714 opti·
876 3659 930 3700 tum
948 3658 998 3711 est,
1016 3650 1083 3714 qnod
1100 3655 1157 3701 ⁸82.
1169 3653 1241 3701 annis
1252 3665 1401 3714 persevera·

312 3735 390 3770 mum.
875 3723 966 3772 verat!

345 3797 384 3846 Ah
402 3795 489 3846 laccho
507 3797 609 3860 Codrsu]
632 3797 742 3847 Inachus
762 3796 839 3862 Argis
909 3799 1112 3862 masuilium]
1131 3799 1229 3850 Narras
1245 3813 1303 3864 qua
1324 3799 1402 3869 perti-

314 3871 412 3933 primns
427 3871 573 3934 imperavit,
584 3873 652 3922 circa
668 3871 746 3922 finem
761 3886 839 3923 anuo·
877 3883 941 3924 nent
951 3875 1082 3928 aulonem
1094 3875 1165 3924 AEaci
1178 3885 1287 3939 patrem,
1294 3874 1334 3924 sel
1345 3888 1411 3936 qua·

314 3963 370 3998 ruru
381 3947 490 3999 Abrshae
503 3949 670 4000 Patriarchre.
693 3950 733 3998 Ex
745 3950 841 4000 Enseb.
877 3949 910 3997 ad
930 3951 1013 4011 ipsum
1030 3949 1145 4013 AEacuru,
1162 3951 1270 4014 ejusque
1285 3958 1402 4014 posterus

315 4023 411 4072 chron.
424 4021 457 4074 Α.
469 4023 507 4071 Μ.
516 4027 588 4072 3344.
622 4025 661 4074 Ex
672 4023 745 4072 Beds
756 4023 788 4073 A.
800 4014 860 4072 M
877 4023 996 4084 Peleuns,
1023 4024 1158 4088 Achillem,
1185 4025 1323 4089 Pyrrhum,
1353 4025 1402 4072 dcc.

314 4101 389 4148 2⁵⁰8·
404 4097 459 4148 Alii
468 4097 545 4148 etiem
558 4099 641 4148 aliter.
658 4097 751 4148 Deillo
760 4097 840 4161 Apol·
878 4097 1001 4159 Apollod.
1010 4095 1056 4146 lib.
1068 4109 1111 4146 ιιι.
