3150 4892
557 347 597 394 ru
622 343 779 396 uonsmr
804 346 975 397 surinus.
1150 384 1152 390 .
1253 333 1318 400 rot

226 493 233 504 ‘
265 485 339 548 Haec
352 485 443 547 liubai
456 485 495 546 de
517 486 620 547 Satiris
642 487 674 546 in
696 503 804 566 genera
826 485 972 548 dicenda:
993 487 1078 567 plura
1098 488 1128 548 in
1152 487 1211 549 boc
1235 503 1331 569 argus

221 595 321 642 manto
335 582 480 643 disserere
494 598 708 661 supervacuum
722 591 816 641 essct.
859 583 893 641 ln
909 583 1005 642 'Notis
1020 585 1128 643 nostris
1141 584 1323 646 commodior

107 689 110 692 ’
221 677 277 737 erit
293 677 377 737 locus
399 676 627 737 Horatianarusu
651 678 813 736 Satirarum
838 689 972 737 naturam
994 678 1160 738 enarrandi.
1202 680 1320 740 Interea

221 771 297 831 illud
306 772 392 832 velim
401 771 616 832 animadvertat
629 772 743 842 Lector,
759 771 894 831 Leonum
907 771 1093 832 Vocabulum
1105 781 1114 808 ⁴
1126 773 1249 836 Satirm'
1261 785 1321 834 tam

221 866 379 946 designare
402 868 560 927 Sermones
575 868 626 944 qui
641 866 777 926 uirtutem
791 867 1010 938 commendent,
1023 885 1115 945 quarn·
1128 868 1178 946 qui
1192 869 1263 928 ritis
1277 871 1321 928 in·

221 973 379 1024 sectentur.
421 963 551 1022 Omnino
573 962 657 1022 aliter
681 981 714 1021 se
737 979 784 1021 res
807 961 940 1022 habetis
957 962 1184 1041 liuguauostra,
1208 963 1259 1023 ubi
1275 962 1320 1022 vel

221 1059 437 1138 nomenipsum
451 1058 556 1118 Satires
577 1067 715 1117 terrorem
729 1056 836 1117 incutit
848 1057 917 1128 illis,
940 1056 991 1136 qui
1009 1077 1041 1116 se
1056 1056 1197 1116 simulant
1209 1058 1240 1117 id
1254 1077 1320 1117 esse
1349 1119 1352 1126 ,

220 1152 301 1232 quod
312 1171 371 1212 uon
387 1163 476 1220 suntz
499 1152 577 1231 apud
593 1171 647 1212 uos
661 1152 739 1212 euim
753 1152 855 1212 audito
869 1153 973 1212 Satires
985 1153 1103 1212 nominc
1118 1153 1318 1213 ‘convicium’

217 1238 398 1327 intelligitur}
450 1246 560 1308 Eadem
575 1260 673 1308 tamen
686 1249 841 1327 utrobique
854 1267 911 1307 vox
925 1259 981 1307 est.
1008 1248 1068 1308 Sed
1084 1246 1178 1306 Latini
1191 1246 1304 1324 plerum

220 1363 279 1422 qua
297 1343 327 1401 in
350 1343 489 1403 librorum
510 1343 603 1403 titulis
628 1355 820 1422 respexerunt
834 1343 914 1402 vocis
936 1342 1028 1421 ipsius
1046 1347 1192 1413 naturam,
1206 1353 1237 1400 et
1250 1341 1324 1402 inte·

219 1457 302 1516 pam
316 1437 570 1516 significationem,
585 1455 674 1515 quam
689 1436 779 1496 habet
792 1456 830 1496 ex
844 1436 1034 1517 etymologia,
1049 1455 1117 1496 curn
1132 1434 1211 1495 Galli
1231 1436 1321 1516 respi-
1346 1471 1349 1477 ·

219 1533 301 1592 'ciant
319 1533 445 1613 primum
465 1542 496 1592 et
518 1532 745 1611 frequentiorem
769 1533 848 1594 roois
874 1552 970 1605 usum,
993 1533 1110 1593 tributu
1122 1531 1182 1609 jam
1197 1529 1267 1592 iude
1281 1531 1319 1590 ab

220 1627 303 1688 initio
315 1628 445 1688 dicteriis
459 1638 489 1688 et
501 1625 776 1688 obtrectationibus.
1214 1635 1217 1640 '

259 1722 422 1782 Scribenda
432 1729 531 1782 autem
541 1741 578 1782 ea
587 1741 643 1781 vox
655 1721 759 1781 Latine
772 1741 825 1801 per
837 1742 858 1781 st
869 1722 916 1781 rel
929 1740 982 1801 per
995 1723 1017 1792 s',
1029 1720 1143 1781 Gallice
1157 1741 1210 1800 per
1223 1722 1236 1780 s'
1249 1720 1319 1780 sim·

217 1816 297 1896 plex-
339 1815 397 1883 Qui
411 1835 462 1894 per
471 1835 496 1894 y
509 1815 700 1893 scripserunt,
712 1815 733 1875 ii
747 1835 815 1876 cum
830 1816 993 1896 scaligero,
1011 1816 1144 1886 Heinsio,
1158 1815 1318 1894 multisque
1394 1869 1398 1879 .

218 1910 283 1971 aliis
296 1910 494 1984 crediderunt,
504 1931 542 1971 ex
556 1911 732 1970 Numinibus
745 1910 887 1983 Rusticis,
897 1930 973 1989 quos
986 1910 1083 1970 Graeci
1097 1910 1244 1983 Euripum,
1259 1910 1319 1970 Ro·

217 2007 298 2066 maui
312 2007 443 2078 Faunos,
452 2009 675 2085 nuncupabant,
684 2006 803 2066 nominc
812 2005 993 2066 dictaluisse
1002 2004 1149 2085 ejusmodi
1163 2005 1316 2078 Po'dmata,

217 2121 293 2182 eque
306 2122 379 2162 voce
393 2109 402 2138 ‘
415 2103 558 2182 Satyrus'
578 2102 699 2162 ductam
714 2119 816 2162 rocem
830 2102 956 2180 ‘Satyra
968 2103 987 2168 ς’
999 2101 1071 2160 istas
1087 2112 1229 2178 praeterea
1244 2102 1319 2160 ‘Sa-

217 2196 314 2279 tyrus’
325 2198 510 2258 Carminibus
522 2198 694 2258 Graecorum
705 2203 714 2232 ‘
724 2196 866 2274 Satyricis
877 2196 885 2218 ⁹
898 2195 982 2254 valde
994 2195 1087 2255 fuisse
1097 2195 1217 2254 affines:
1231 2193 1313 2272 quod

111 2294 121 2358 ,’
217 2311 285 2352 esse
298 2292 491 2352 falsissimum
504 2292 668 2352 loculenter
681 2290 895 2350 demonstrarit
909 2291 1115 2357 casaubonus,
1131 2289 1179 2348 ubi
1194 2287 1283 2350 docet
1297 2309 1316 2348 a

217 2387 379 2466 ‘Satyrus'
399 2405 437 2445 ex
447 2387 583 2465 analogia
596 2384 713 2446 formari
726 2403 787 2444 uon
810 2385 957 2462 ‘Satyra’
972 2384 1026 2442 sed
1041 2393 1049 2420 ⁶
1062 2383 1215 2462 Satyrioa,'
1229 2383 1317 2463 pluri·

217 2499 356 2560 mumque
370 2482 513 2542 interesse
524 2483 600 2542 inter
609 2479 782 2541 Graecorum
797 2479 972 2560 ‘satyrica'
987 2490 1016 2538 et
1028 2478 1228 2538 Romanorum
1242 2479 1316 2539 ‘Sa-

219 2577 314 2638 tiras.’
399 2571 421 2585 ”

256 2648 465 2752 spanhemius,
474 2673 504 2733 iu
513 2674 638 2753 pulchra
652 2675 755 2735 suaad
765 2673 879 2736 Juliani
892 2671 1080 2752 Imperatoris
1093 2671 1229 2732 Caesares
1242 2667 1313 2733 Pre-

215 2768 336 2840 iatione,
350 2769 435 2847 plura
449 2769 487 2829 de
500 2789 579 2831 noro
593 2772 749 2831 observata
762 2772 892 2832 contulit
904 2769 942 2831 ad
963 2787 1000 2828 ea
1018 2786 1086 2847 quas
1100 2779 1169 2828 ante
1183 2785 1219 2828 aa
1233 2766 1271 2826 de
1285 2786 1316 2826 rs

215 2863 377 2943 protulerat
397 2865 605 2925 celeberrimus
627 2866 764 2939 Criticos,
796 2865 954 2946 descriptis
979 2881 1088 2942 magno
1112 2881 1180 2924 cum
1200 2861 1315 2941 judicio

217 2955 341 3017 duorum
356 2958 531 3018 Podmatum
553 2960 683 3038 quinque
703 2971 755 3020 aut
778 2979 830 3020 sex
854 2958 1072 3020 discriminibus
1095 2958 1315 3037 insignioribus,

216 3068 284 3129 quas
309 3052 335 3110 si
357 3051 456 3112 ridere
481 3054 595 3132 cupias,
619 3064 769 3115 auctorem
794 3053 854 3116 adi.
895 3054 976 3113 Nihil
1001 3072 1131 3130 unquam
1156 3052 1211 3112 luit
1235 3050 1313 3131 apud

216 3145 340 3207 Grecos
353 3146 497 3205 Romanas
512 3147 618 3207 Satires
636 3149 790 3209 finitimum
811 3161 917 3228 praeter
941 3145 1067 3206 ‘Sillae'
1091 3164 1173 3218 suos,
1191 3146 1316 3208 mordax

216 3240 366 3300 Po'e'matis
377 3258 486 3318 genua
505 3241 587 3320 quod
600 3262 638 3301 ex
652 3242 839 3320 fragmentis
854 3242 991 3301 Sillorum
1005 3240 1135 3302 Timonis
1150 3240 1236 3299 lacile
1251 3240 1315 3300 col·

215 3334 267 3416 ligi
281 3342 381 3413 potest
393 3353 402 3402 ς
424 3347 456 3394 at
469 3335 527 3396 hoc
540 3335 689 3410 intererat,
709 3336 790 3416 quod
812 3343 820 3372 ‘
833 3337 913 3395 Silli’
927 3337 1097 3396 Graecorum
1112 3353 1201 3393 meras
1214 3345 1316 3394 esseut

215 3429 395 3500 ‘Perediam'
413 3430 495 3508 quod
509 3430 547 3490 de
564 3430 700 3492 Romana
713 3439 722 3466 ‘
733 3431 847 3492 Satira'
861 3432 920 3492 dici
934 3431 1048 3510 nequit,
1069 3429 1119 3490 ubi
1132 3429 1158 3489 si
1173 3429 1248 3488 lorta
1261 3427 1315 3488 ali·

215 3523 336 3604 quando
358 3525 388 3583 iu
413 3525 570 3585 Parodiam
591 3525 717 3600 incidas,
741 3526 853 3586 ridebis
879 3537 977 3586 tamen
1002 3526 1124 3585 Poetam
1147 3526 1260 3586 cavisse
1276 3542 1314 3584 ne

215 3619 397 3680 abuteretur.
440 3620 528 3681 Unde
541 3621 635 3700 liquet
648 3620 784 3682 Parodiir
798 3620 961 3682 naturalem
974 3620 1086 3680 essein
1100 3619 1181 3678 Sillis
1201 3617 1313 3692 sedem,

214 3714 359 3774 sonitem
373 3714 404 3773 in
418 3715 535 3775 Satiris.
605 3745 609 3752 -
845 3789 847 3792 Ι

254 3809 397 3888 Exposita
410 3810 530 3870 taudem
545 3819 661 3884 natura,
675 3810 798 3890 origiue,
813 3820 843 3872 et
857 3829 1013 3891 progressu
1029 3809 1146 3879 Satires,
1166 3825 1262 3886 pauca
1275 3805 1312 3867 de

213 3904 279 3982 ipso
294 3905 418 3964 Horatio
438 3905 509 3964 mibi
536 3916 606 3965 sunt
629 3904 770 3977 dicenda,
793 3907 844 3983 qui
866 3905 985 3984 quidem
999 3902 1138 3982 qualicin
1153 3902 1210 3960 hoc
1224 3919 1312 3980 opere

215 4000 264 4078 sit,
284 4006 458 4078 nou'potest
470 4001 652 4061 commodius
675 4001 881 4073 demonstrari,
901 3999 1033 4080 quamsi
1057 4017 1125 4058 eum
1148 3997 1313 4060 Sileudum

216 4093 322 4153 statuis
336 4113 499 4174 compares,
512 4096 619 4173 quibus
636 4095 803 4157 Alcibiades
826 4095 856 4154 in
881 4094 1036 4175 Symposio
1059 4095 1211 4153 Socratem
1231 4108 1313 4151 com·

214 4197 309 4267 parat,
330 4207 397 4266 qum
420 4190 490 4252 nihil
512 4200 596 4254 extra
616 4190 765 4255 habebant
784 4192 908 4271 pulchri,
932 4190 1004 4251 nihil
1022 4188 1126 4261 ornati,
1144 4196 1176 4247 at
1195 4186 1220 4246 si
1242 4183 1310 4244 illas
