<?xml version="1.0" encoding="UTF-8"?>
<!DOCTYPE html PUBLIC "-//W3C//DTD XHTML 1.0 Transitional//EN"
    "http://www.w3.org/TR/xhtml1/DTD/xhtml1-transitional.dtd">
<html xmlns="http://www.w3.org/1999/xhtml" xml:lang="en" lang="en">
 <head>
  <title>
</title>
<meta http-equiv="Content-Type" content="text/html;charset=utf-8" />
  <meta name='ocr-system' content='tesseract 3.04.00' />
  <meta name='ocr-capabilities' content='ocr_page ocr_carea ocr_par ocr_line ocrx_word'/>
</head>
<body>
  <div class='ocr_page' id='page_1' title='image "./quintihoratiifl05zeungoog_0082.png"; bbox 0 0 3150 4892; ppageno 0'>
   <div class='ocr_carea' id='block_1_1' title="bbox 604 326 981 386">
    <p class='ocr_par' dir='ltr' id='par_1_1' title="bbox 604 326 981 386">
     <span class='ocr_line' id='line_1_1' title="bbox 604 326 981 386; baseline 0 -12"><span class='ocrx_word' id='word_1_1' title='bbox 604 329 638 386; x_wconf 83' lang='lat' dir='ltr'><strong>Q.</strong></span> <span class='ocrx_word' id='word_1_2' title='bbox 662 327 820 374; x_wconf 75' lang='lat' dir='ltr'><strong>nouauit</strong></span> <span class='ocrx_word' id='word_1_3' title='bbox 848 326 981 374; x_wconf 77' lang='lat' dir='ltr'><strong>nuncet</strong></span> 
     </span>
    </p>
   </div>
   <div class='ocr_carea' id='block_1_2' title="bbox 416 466 1247 1158">
    <p class='ocr_par' dir='ltr' id='par_1_2' title="bbox 417 466 1247 648">
     <span class='ocr_line' id='line_1_2' title="bbox 420 466 1247 551; baseline -0.002 -18"><span class='ocrx_word' id='word_1_4' title='bbox 420 470 520 549; x_wconf 86' lang='lat' dir='ltr'><strong>Quod</strong></span> <span class='ocrx_word' id='word_1_5' title='bbox 536 490 602 534; x_wconf 89' lang='lat' dir='ltr'><strong>non</strong></span> <span class='ocrx_word' id='word_1_6' title='bbox 616 471 723 534; x_wconf 80' lang='lat' dir='ltr'><strong>imber</strong></span> <span class='ocrx_word' id='word_1_7' title='bbox 738 469 838 546; x_wconf 84' lang='lat' dir='ltr'><strong>edax,</strong></span> <span class='ocrx_word' id='word_1_8' title='bbox 853 489 920 531; x_wconf 91' lang='lat' dir='ltr'><strong>non</strong></span> <span class='ocrx_word' id='word_1_9' title='bbox 937 466 1064 550; x_wconf 79' lang='lat' dir='ltr'><strong>Aquilo</strong></span> <span class='ocrx_word' id='word_1_10' title='bbox 1078 470 1247 551; x_wconf 80' lang='lat' dir='ltr'><strong>impotens</strong></span> 
     </span>
     <span class='ocr_line' id='line_1_3' title="bbox 417 570 1030 648; baseline -0.003 -14"><span class='ocrx_word' id='word_1_11' title='bbox 417 571 535 635; x_wconf 85' lang='lat' dir='ltr'><strong>Possit</strong></span> <span class='ocrx_word' id='word_1_12' title='bbox 549 571 689 648; x_wconf 81' lang='lat' dir='ltr'><strong>diruere,</strong></span> <span class='ocrx_word' id='word_1_13' title='bbox 704 577 762 635; x_wconf 82' lang='lat' dir='ltr'><strong>eut</strong></span> <span class='ocrx_word' id='word_1_14' title='bbox 776 570 1030 633; x_wconf 84' lang='lat' dir='ltr'><strong>innumerabilis</strong></span> 
     </span>
    </p>

    <p class='ocr_par' dir='ltr' id='par_1_3' title="bbox 416 669 1071 754">
     <span class='ocr_line' id='line_1_4' title="bbox 416 669 1071 754; baseline -0.005 -16"><span class='ocrx_word' id='word_1_15' title='bbox 416 669 588 738; x_wconf 88' lang='lat' dir='ltr'><strong>Annorum</strong></span> <span class='ocrx_word' id='word_1_16' title='bbox 604 672 719 749; x_wconf 78' lang='lat' dir='ltr'><strong>serioS,</strong></span> <span class='ocrx_word' id='word_1_17' title='bbox 737 679 769 734; x_wconf 88' lang='lat' dir='ltr'><strong>et</strong></span> <span class='ocrx_word' id='word_1_18' title='bbox 783 672 865 754; x_wconf 83' lang='lat' dir='ltr'><strong>fuga</strong></span> <span class='ocrx_word' id='word_1_19' title='bbox 879 679 1071 753; x_wconf 90' lang='lat' dir='ltr'><strong>temporum.</strong></span> 
     </span>
    </p>

    <p class='ocr_par' dir='ltr' id='par_1_4' title="bbox 416 772 1153 1158">
     <span class='ocr_line' id='line_1_5' title="bbox 419 772 1152 853; baseline 0.001 -18"><span class='ocrx_word' id='word_1_20' title='bbox 419 772 452 835; x_wconf 93' lang='lat' dir='ltr'>N</span> <span class='ocrx_word' id='word_1_21' title='bbox 456 792 499 836; x_wconf 91' lang='lat' dir='ltr'><strong>on</strong></span> <span class='ocrx_word' id='word_1_22' title='bbox 515 776 621 840; x_wconf 87' lang='lat' dir='ltr'><strong>omnis</strong></span> <span class='ocrx_word' id='word_1_23' title='bbox 635 775 768 849; x_wconf 84' lang='lat' dir='ltr'><strong>morior,</strong></span> <span class='ocrx_word' id='word_1_24' title='bbox 783 772 957 853; x_wconf 87' lang='lat' dir='ltr'><strong>multaque</strong></span> <span class='ocrx_word' id='word_1_25' title='bbox 973 791 1051 853; x_wconf 88' lang='lat' dir='ltr'><strong>pars</strong></span> <span class='ocrx_word' id='word_1_26' title='bbox 1067 774 1132 836; x_wconf 89' lang='lat' dir='ltr'><strong>mei</strong></span> <span class='ocrx_word' id='word_1_27' title='bbox 1148 782 1152 788; x_wconf 82' lang='lat'>&#39;</span> 
     </span>
     <span class='ocr_line' id='line_1_6' title="bbox 416 872 1153 954; baseline 0 -17"><span class='ocrx_word' id='word_1_28' title='bbox 416 873 552 939; x_wconf 81' lang='lat' dir='ltr'><strong>Vitobit</strong></span> <span class='ocrx_word' id='word_1_29' title='bbox 566 875 760 945; x_wconf 79' lang='lat' dir='ltr'><strong>Libitinam.</strong></span> <span class='ocrx_word' id='word_1_30' title='bbox 805 872 924 954; x_wconf 90' lang='lat' dir='ltr'><strong>Usque</strong></span> <span class='ocrx_word' id='word_1_31' title='bbox 939 893 1001 954; x_wconf 82' lang='lat' dir='ltr'><strong>ego</strong></span> <span class='ocrx_word' id='word_1_32' title='bbox 1017 881 1153 954; x_wconf 84' lang='lat' dir='ltr'><strong>postera</strong></span> 
     </span>
     <span class='ocr_line' id='line_1_7' title="bbox 417 972 1150 1056; baseline -0.003 -17"><span class='ocrx_word' id='word_1_33' title='bbox 417 974 576 1040; x_wconf 83' lang='lat' dir='ltr'><strong>Creaoem</strong></span> <span class='ocrx_word' id='word_1_34' title='bbox 590 975 690 1039; x_wconf 80' lang='lat' dir='ltr'><strong>laude</strong></span> <span class='ocrx_word' id='word_1_35' title='bbox 704 993 831 1048; x_wconf 88' lang='lat' dir='ltr'><strong>recens,</strong></span> <span class='ocrx_word' id='word_1_36' title='bbox 846 972 928 1036; x_wconf 92' lang='lat' dir='ltr'><strong>dum</strong></span> <span class='ocrx_word' id='word_1_37' title='bbox 942 972 1150 1056; x_wconf 82' lang='lat' dir='ltr'><strong>Capitolium</strong></span> 
     </span>
     <span class='ocr_line' id='line_1_8' title="bbox 420 1075 1096 1158; baseline -0.003 -18"><span class='ocrx_word' id='word_1_38' title='bbox 420 1077 567 1143; x_wconf 88' lang='lat' dir='ltr'><strong>Soandet</strong></span> <span class='ocrx_word' id='word_1_39' title='bbox 582 1098 657 1142; x_wconf 90' lang='lat' dir='ltr'><strong>oum</strong></span> <span class='ocrx_word' id='word_1_40' title='bbox 673 1079 779 1141; x_wconf 82' lang='lat' dir='ltr'><strong>tacite</strong></span> <span class='ocrx_word' id='word_1_41' title='bbox 795 1077 920 1158; x_wconf 84' lang='lat' dir='ltr'><strong>virgine</strong></span> <span class='ocrx_word' id='word_1_42' title='bbox 935 1075 1096 1158; x_wconf 81' lang='lat' dir='ltr'><strong>pontifex.</strong></span> 
     </span>
    </p>
   </div>
   <div class='ocr_carea' id='block_1_3' title="bbox 244 1243 1348 1438">
    <p class='ocr_par' dir='ltr' id='par_1_5' title="bbox 244 1243 1348 1438">
     <span class='ocr_line' id='line_1_9' title="bbox 244 1243 1347 1308; baseline -0.004 -14"><span class='ocrx_word' id='word_1_43' title='bbox 244 1245 326 1307; x_wconf 78' lang='lat' dir='ltr'><strong>pluvio</strong></span> <span class='ocrx_word' id='word_1_44' title='bbox 341 1259 498 1308; x_wconf 71' lang='lat' dir='ltr'><strong>comamprna,</strong></span> <span class='ocrx_word' id='word_1_45' title='bbox 508 1259 550 1294; x_wconf 84' lang='lat' dir='ltr'><strong>nec</strong></span> <span class='ocrx_word' id='word_1_46' title='bbox 560 1245 652 1294; x_wconf 74' lang='lat' dir='ltr'><strong>Boreas</strong></span> <span class='ocrx_word' id='word_1_47' title='bbox 663 1246 777 1294; x_wconf 73' lang='grc' dir='ltr'><strong>ιιίοὶειιιιυ</strong></span> <span class='ocrx_word' id='word_1_48' title='bbox 797 1247 916 1292; x_wconf 84' lang='lat' dir='ltr'><strong>destruere</strong></span> <span class='ocrx_word' id='word_1_49' title='bbox 933 1248 1012 1305; x_wconf 70' lang='lat' dir='ltr'><strong>qamt,</strong></span> <span class='ocrx_word' id='word_1_50' title='bbox 1027 1244 1065 1291; x_wconf 85' lang='lat' dir='ltr'><strong>oet</strong></span> <span class='ocrx_word' id='word_1_51' title='bbox 1080 1246 1210 1306; x_wconf 73' lang='lat' dir='ltr'><strong>temporum</strong></span> <span class='ocrx_word' id='word_1_52' title='bbox 1225 1243 1306 1304; x_wconf 73' lang='lat' dir='ltr'><strong>lopsm</strong></span> <span class='ocrx_word' id='word_1_53' title='bbox 1321 1247 1347 1290; x_wconf 80' lang='lat' dir='ltr'><strong>et</strong></span> 
     </span>
     <span class='ocr_line' id='line_1_10' title="bbox 246 1303 1346 1372; baseline -0.005 -15"><span class='ocrx_word' id='word_1_54' title='bbox 246 1309 412 1372; x_wconf 75' lang='lat' dir='ltr'><strong>longinquitas.</strong></span> <span class='ocrx_word' id='word_1_55' title='bbox 449 1309 521 1358; x_wconf 81' lang='lat' dir='ltr'><strong>Haud</strong></span> <span class='ocrx_word' id='word_1_56' title='bbox 532 1315 596 1358; x_wconf 80' lang='lat' dir='ltr'><strong>tutus</strong></span> <span class='ocrx_word' id='word_1_57' title='bbox 606 1309 722 1358; x_wconf 80' lang='lat' dir='ltr'><strong>interibo:</strong></span> <span class='ocrx_word' id='word_1_58' title='bbox 738 1313 761 1357; x_wconf 82' lang='lat' dir='ltr'><strong>et</strong></span> <span class='ocrx_word' id='word_1_59' title='bbox 776 1309 855 1370; x_wconf 85' lang='lat' dir='ltr'><strong>portio</strong></span> <span class='ocrx_word' id='word_1_60' title='bbox 872 1309 918 1356; x_wconf 79' lang='lat' dir='ltr'><strong>nisi</strong></span> <span class='ocrx_word' id='word_1_61' title='bbox 927 1307 1031 1370; x_wconf 79' lang='lat' dir='ltr'><strong>plurimo</strong></span> <span class='ocrx_word' id='word_1_62' title='bbox 1041 1310 1139 1356; x_wconf 82' lang='lat' dir='ltr'><strong>mortem</strong></span> <span class='ocrx_word' id='word_1_63' title='bbox 1149 1303 1257 1368; x_wconf 56' lang='lat' dir='ltr'><strong>etium</strong></span> <span class='ocrx_word' id='word_1_64' title='bbox 1293 1305 1346 1365; x_wconf 80' lang='lat' dir='ltr'><strong>Ego</strong></span> 
     </span>
     <span class='ocr_line' id='line_1_11' title="bbox 246 1369 1348 1438; baseline -0.005 -15"><span class='ocrx_word' id='word_1_65' title='bbox 246 1385 419 1438; x_wconf 74' lang='lat' dir='ltr'><strong>temperemus</strong></span> <span class='ocrx_word' id='word_1_66' title='bbox 435 1377 582 1438; x_wconf 70' lang='lat' dir='ltr'><strong>posterorum</strong></span> <span class='ocrx_word' id='word_1_67' title='bbox 600 1374 735 1423; x_wconf 71' lang='lat' dir='ltr'><strong>budmbne</strong></span> <span class='ocrx_word' id='word_1_68' title='bbox 750 1372 861 1435; x_wconf 70' lang='lat' dir='ltr'><strong>urgebor,</strong></span> <span class='ocrx_word' id='word_1_69' title='bbox 880 1371 990 1436; x_wconf 75' lang='lat' dir='ltr'><strong>pecudia</strong></span> <span class='ocrx_word' id='word_1_70' title='bbox 1000 1384 1104 1420; x_wconf 78' lang='lat' dir='ltr'><strong>somnus</strong></span> <span class='ocrx_word' id='word_1_71' title='bbox 1113 1369 1229 1419; x_wconf 72' lang='lat' dir='ltr'><strong>Smerdes</strong></span> <span class='ocrx_word' id='word_1_72' title='bbox 1239 1371 1348 1418; x_wconf 67' lang='lat' dir='ltr'><strong>rente</strong></span> 
     </span>
    </p>
   </div>
   <div class='ocr_carea' id='block_1_4' title="bbox 745 1515 852 1568">
    <p class='ocr_par' dir='ltr' id='par_1_6' title="bbox 745 1515 852 1568">
     <span class='ocr_line' id='line_1_12' title="bbox 745 1515 852 1568; baseline -0.019 -1"><span class='ocrx_word' id='word_1_73' title='bbox 745 1515 852 1568; x_wconf 78' lang='lat' dir='ltr'>NOTAE</span> 
     </span>
    </p>
   </div>
   <div class='ocr_carea' id='block_1_5' title="bbox 245 1610 1349 4249">
    <p class='ocr_par' dir='ltr' id='par_1_7' title="bbox 245 1610 1349 4249">
     <span class='ocr_line' id='line_1_13' title="bbox 245 1610 1348 1679; baseline -0.005 -15"><span class='ocrx_word' id='word_1_74' title='bbox 245 1613 663 1679; x_wconf 79' lang='lat' dir='ltr'><strong>latur,quodsdignisspeoiem,</strong></span> <span class='ocrx_word' id='word_1_75' title='bbox 680 1613 777 1664; x_wconf 70' lang='lat' dir='ltr'><strong>lorino-</strong></span> <span class='ocrx_word' id='word_1_76' title='bbox 819 1612 911 1674; x_wconf 87' lang='lat' dir='ltr'><strong>imber,</strong></span> <span class='ocrx_word' id='word_1_77' title='bbox 932 1618 978 1661; x_wconf 79' lang='lat' dir='ltr'><strong>ent</strong></span> <span class='ocrx_word' id='word_1_78' title='bbox 1003 1619 1106 1671; x_wconf 80' lang='lat' dir='ltr'><strong>ventus,</strong></span> <span class='ocrx_word' id='word_1_79' title='bbox 1133 1618 1180 1660; x_wconf 82' lang='lat' dir='ltr'><strong>sut</strong></span> <span class='ocrx_word' id='word_1_80' title='bbox 1205 1610 1348 1659; x_wconf 78' lang='lat' dir='ltr'><strong>horrisonae</strong></span> 
     </span>
     <span class='ocr_line' id='line_1_14' title="bbox 246 1685 1316 1752; baseline -0.006 -13"><span class='ocrx_word' id='word_1_81' title='bbox 246 1691 295 1752; x_wconf 75' lang='lat' dir='ltr'><strong>pbr,</strong></span> <span class='ocrx_word' id='word_1_82' title='bbox 316 1699 347 1739; x_wconf 91' lang='lat' dir='ltr'><strong>ut</strong></span> <span class='ocrx_word' id='word_1_83' title='bbox 369 1704 414 1739; x_wconf 88' lang='lat' dir='ltr'><strong>uos</strong></span> <span class='ocrx_word' id='word_1_84' title='bbox 434 1690 554 1752; x_wconf 88' lang='lat' dir='ltr'><strong>dicimus,</strong></span> <span class='ocrx_word' id='word_1_85' title='bbox 575 1697 731 1739; x_wconf 85' lang='lat' dir='ltr'><strong>extenuatur</strong></span> <span class='ocrx_word' id='word_1_86' title='bbox 751 1693 776 1738; x_wconf 90' lang='lat' dir='ltr'><strong>ln</strong></span> <span class='ocrx_word' id='word_1_87' title='bbox 819 1690 981 1750; x_wconf 81' lang='lat' dir='ltr'><strong>tempestatis</strong></span> <span class='ocrx_word' id='word_1_88' title='bbox 992 1687 1125 1736; x_wconf 80' lang='lat' dir='ltr'><strong>exercitus</strong></span> <span class='ocrx_word' id='word_1_89' title='bbox 1137 1685 1316 1750; x_wconf 86' lang='lat' dir='ltr'><strong>implacabilis.</strong></span> 
     </span>
     <span class='ocr_line' id='line_1_15' title="bbox 247 1761 1348 1832; baseline -0.004 -18"><span class='ocrx_word' id='word_1_90' title='bbox 247 1779 357 1816; x_wconf 86' lang='lat' dir='ltr'><strong>conum:</strong></span> <span class='ocrx_word' id='word_1_91' title='bbox 381 1778 486 1832; x_wconf 84' lang='lat' dir='ltr'><strong>quarum</strong></span> <span class='ocrx_word' id='word_1_92' title='bbox 512 1766 661 1828; x_wconf 75' lang='lat' dir='ltr'><strong>magnitudo</strong></span> <span class='ocrx_word' id='word_1_93' title='bbox 688 1765 777 1831; x_wconf 87' lang='lat' dir='ltr'><strong>quoni·</strong></span> <span class='ocrx_word' id='word_1_94' title='bbox 849 1764 1027 1812; x_wconf 80' lang='lat' dir='ltr'><strong>tiNononrnis</strong></span> <span class='ocrx_word' id='word_1_95' title='bbox 1042 1761 1204 1824; x_wconf 49' lang='lat' dir='ltr'><strong>narium]</strong></span> <span class='ocrx_word' id='word_1_96' title='bbox 1220 1761 1348 1810; x_wconf 85' lang='lat' dir='ltr'><strong>Nuntarn</strong></span> 
     </span>
     <span class='ocr_line' id='line_1_16' title="bbox 247 1836 1348 1904; baseline -0.008 -12"><span class='ocrx_word' id='word_1_97' title='bbox 247 1858 288 1893; x_wconf 80' lang='lat' dir='ltr'><strong>nm</strong></span> <span class='ocrx_word' id='word_1_98' title='bbox 300 1843 325 1892; x_wconf 89' lang='lat' dir='ltr'><strong>in</strong></span> <span class='ocrx_word' id='word_1_99' title='bbox 337 1842 515 1892; x_wconf 80' lang='lat' dir='ltr'><strong>celsitudinem</strong></span> <span class='ocrx_word' id='word_1_100' title='bbox 532 1842 635 1890; x_wconf 79' lang='lat' dir='ltr'><strong>nimiam</strong></span> <span class='ocrx_word' id='word_1_101' title='bbox 651 1843 777 1892; x_wconf 82' lang='lat' dir='ltr'><strong>scandens</strong></span> <span class='ocrx_word' id='word_1_102' title='bbox 817 1841 921 1900; x_wconf 79' lang='lat' dir='ltr'><strong>animas,</strong></span> <span class='ocrx_word' id='word_1_103' title='bbox 937 1853 1014 1904; x_wconf 86' lang='lat' dir='ltr'><strong>qrram</strong></span> <span class='ocrx_word' id='word_1_104' title='bbox 1036 1838 1075 1886; x_wconf 84' lang='lat' dir='ltr'><strong>sui</strong></span> <span class='ocrx_word' id='word_1_105' title='bbox 1093 1837 1202 1885; x_wconf 84' lang='lat' dir='ltr'><strong>nominis</strong></span> <span class='ocrx_word' id='word_1_106' title='bbox 1218 1836 1348 1884; x_wconf 88' lang='lat' dir='ltr'><strong>immorta-</strong></span> 
     </span>
     <span class='ocr_line' id='line_1_17' title="bbox 246 1911 1349 1982; baseline -0.005 -15"><span class='ocrx_word' id='word_1_107' title='bbox 246 1917 396 1982; x_wconf 75' lang='lat' dir='ltr'><strong>grecilencit</strong></span> <span class='ocrx_word' id='word_1_108' title='bbox 407 1917 663 1980; x_wconf 78' lang='lat' dir='ltr'><strong>paulatim5umbras</strong></span> <span class='ocrx_word' id='word_1_109' title='bbox 674 1931 775 1982; x_wconf 87' lang='lat' dir='ltr'><strong>quoque</strong></span> <span class='ocrx_word' id='word_1_110' title='bbox 818 1918 886 1967; x_wconf 85' lang='lat' dir='ltr'><strong>litati</strong></span> <span class='ocrx_word' id='word_1_111' title='bbox 904 1924 932 1964; x_wconf 88' lang='lat' dir='ltr'><strong>et</strong></span> <span class='ocrx_word' id='word_1_112' title='bbox 950 1915 1080 1965; x_wconf 78' lang='lat' dir='ltr'><strong>nremoriae</strong></span> <span class='ocrx_word' id='word_1_113' title='bbox 1101 1911 1245 1962; x_wconf 79' lang='lat' dir='ltr'><strong>reliduntur</strong></span> <span class='ocrx_word' id='word_1_114' title='bbox 1264 1912 1349 1962; x_wconf 69' lang='lat' dir='ltr'><strong>Poeta</strong></span> 
     </span>
     <span class='ocr_line' id='line_1_18' title="bbox 247 1993 1040 2043; baseline -0.003 0"><span class='ocrx_word' id='word_1_115' title='bbox 247 1993 397 2043; x_wconf 79' lang='lat' dir='ltr'><strong>mechanico</strong></span> <span class='ocrx_word' id='word_1_116' title='bbox 416 1993 517 2042; x_wconf 89' lang='lat' dir='ltr'><strong>ratione</strong></span> <span class='ocrx_word' id='word_1_117' title='bbox 531 1993 676 2042; x_wconf 68' lang='lat' dir='ltr'><strong>corisumit!</strong></span> <span class='ocrx_word' id='word_1_118' title='bbox 709 1993 776 2042; x_wconf 84' lang='lat' dir='ltr'><strong>Vide</strong></span> <span class='ocrx_word' id='word_1_119' title='bbox 817 2004 915 2043; x_wconf 87' lang='lat' dir='ltr'><strong>noster.</strong></span> <span class='ocrx_word' id='word_1_120' title='bbox 1038 2024 1040 2028; x_wconf 93' lang='lat'>-</span> 
     </span>
     <span class='ocr_line' id='line_1_19' title="bbox 247 2063 1348 2128; baseline -0.008 -8"><span class='ocrx_word' id='word_1_121' title='bbox 247 2067 335 2120; x_wconf 86' lang='lat' dir='ltr'><strong>Strab.</strong></span> <span class='ocrx_word' id='word_1_122' title='bbox 354 2080 426 2116; x_wconf 80' lang='lat' dir='ltr'><strong>xvir.</strong></span> <span class='ocrx_word' id='word_1_123' title='bbox 450 2075 479 2118; x_wconf 89' lang='lat' dir='ltr'><strong>et</strong></span> <span class='ocrx_word' id='word_1_124' title='bbox 499 2069 609 2118; x_wconf 89' lang='lat' dir='ltr'><strong>Diodor.</strong></span> <span class='ocrx_word' id='word_1_125' title='bbox 642 2069 723 2118; x_wconf 83' lang='lat' dir='ltr'><strong>Sicut.</strong></span> <span class='ocrx_word' id='word_1_126' title='bbox 744 2083 776 2119; x_wconf 92' lang='grc' dir='ltr'><strong>ιι.</strong></span> <span class='ocrx_word' id='word_1_127' title='bbox 848 2073 863 2117; x_wconf 76' lang='lat' dir='ltr'><strong>t</strong></span> <span class='ocrx_word' id='word_1_128' title='bbox 884 2063 1348 2128; x_wconf 65' lang='lat' dir='ltr'><strong>Vitobitbibitiaarnlswersteserit,</strong></span> 
     </span>
     <span class='ocr_line' id='line_1_20' title="bbox 247 2135 1348 2208; baseline -0.007 -14"><span class='ocrx_word' id='word_1_129' title='bbox 247 2149 272 2194; x_wconf 75' lang='lat'><strong>2.</strong></span> <span class='ocrx_word' id='word_1_130' title='bbox 305 2144 357 2193; x_wconf 85' lang='lat' dir='ltr'><strong>Hie</strong></span> <span class='ocrx_word' id='word_1_131' title='bbox 377 2143 538 2208; x_wconf 74' lang='lat' dir='ltr'><strong>pyramidem</strong></span> <span class='ocrx_word' id='word_1_132' title='bbox 555 2146 592 2195; x_wconf 87' lang='lat' dir='ltr'><strong>ait</strong></span> <span class='ocrx_word' id='word_1_133' title='bbox 609 2146 777 2194; x_wconf 80' lang='lat' dir='ltr'><strong>mexinrama</strong></span> <span class='ocrx_word' id='word_1_134' title='bbox 817 2152 942 2193; x_wconf 68' lang='lat' dir='ltr'><strong>aternum</strong></span> <span class='ocrx_word' id='word_1_135' title='bbox 953 2141 1067 2191; x_wconf 83' lang='lat' dir='ltr'><strong>durabit.</strong></span> <span class='ocrx_word' id='word_1_136' title='bbox 1101 2135 1348 2189; x_wconf 77' lang='lat' dir='ltr'><strong>Libitinat‘eretrnrn</strong></span> 
     </span>
     <span class='ocr_line' id='line_1_21' title="bbox 248 2214 1349 2283; baseline -0.005 -14"><span class='ocrx_word' id='word_1_137' title='bbox 248 2218 365 2269; x_wconf 84' lang='lat' dir='ltr'><strong>Clremmi</strong></span> <span class='ocrx_word' id='word_1_138' title='bbox 375 2219 449 2282; x_wconf 77' lang='lat' dir='ltr'><strong>Rege</strong></span> <span class='ocrx_word' id='word_1_139' title='bbox 462 2227 621 2270; x_wconf 80' lang='lat' dir='ltr'><strong>exstructam</strong></span> <span class='ocrx_word' id='word_1_140' title='bbox 631 2221 740 2270; x_wconf 84' lang='lat' dir='ltr'><strong>artificio</strong></span> <span class='ocrx_word' id='word_1_141' title='bbox 749 2230 778 2270; x_wconf 90' lang='lat' dir='ltr'><strong>et</strong></span> <span class='ocrx_word' id='word_1_142' title='bbox 817 2220 955 2283; x_wconf 74' lang='lat' dir='ltr'><strong>siguificat.</strong></span> <span class='ocrx_word' id='word_1_143' title='bbox 988 2220 1037 2268; x_wconf 85' lang='lat' dir='ltr'><strong>Est</strong></span> <span class='ocrx_word' id='word_1_144' title='bbox 1052 2218 1132 2269; x_wconf 88' lang='lat' dir='ltr'><strong>etiam</strong></span> <span class='ocrx_word' id='word_1_145' title='bbox 1150 2214 1268 2265; x_wconf 78' lang='lat' dir='ltr'><strong>funerum</strong></span> <span class='ocrx_word' id='word_1_146' title='bbox 1281 2216 1349 2278; x_wconf 87' lang='lat' dir='ltr'><strong>Dea,</strong></span> 
     </span>
     <span class='ocr_line' id='line_1_22' title="bbox 248 2292 1349 2360; baseline -0.003 -16"><span class='ocrx_word' id='word_1_147' title='bbox 248 2308 328 2358; x_wconf 83' lang='lat' dir='ltr'><strong>opere</strong></span> <span class='ocrx_word' id='word_1_148' title='bbox 351 2293 545 2359; x_wconf 67' lang='lat' dir='ltr'><strong>mirabilique</strong></span> <span class='ocrx_word' id='word_1_149' title='bbox 568 2299 698 2356; x_wconf 85' lang='lat' dir='ltr'><strong>‘qtratuor</strong></span> <span class='ocrx_word' id='word_1_150' title='bbox 720 2303 778 2346; x_wconf 86' lang='lat' dir='ltr'><strong>erat</strong></span> <span class='ocrx_word' id='word_1_151' title='bbox 817 2292 1349 2360; x_wconf 77' lang='lat' dir='ltr'><strong>iocujusaederendebauturetloeabsu·</strong></span> 
     </span>
     <span class='ocr_line' id='line_1_23' title="bbox 246 2369 1348 2438; baseline -0.001 -20"><span class='ocrx_word' id='word_1_152' title='bbox 246 2371 368 2431; x_wconf 79' lang='lat' dir='ltr'><strong>laterum,</strong></span> <span class='ocrx_word' id='word_1_153' title='bbox 385 2384 492 2434; x_wconf 86' lang='lat' dir='ltr'><strong>quorum</strong></span> <span class='ocrx_word' id='word_1_154' title='bbox 512 2369 647 2433; x_wconf 83' lang='lat' dir='ltr'><strong>quodlibet</strong></span> <span class='ocrx_word' id='word_1_155' title='bbox 665 2371 698 2419; x_wconf 82' lang='lat' dir='ltr'><strong>ab</strong></span> <span class='ocrx_word' id='word_1_156' title='bbox 713 2369 777 2419; x_wconf 86' lang='lat' dir='ltr'><strong>infe·</strong></span> <span class='ocrx_word' id='word_1_157' title='bbox 818 2382 859 2424; x_wconf 86' lang='lat' dir='ltr'><strong>tur</strong></span> <span class='ocrx_word' id='word_1_158' title='bbox 871 2386 1038 2438; x_wconf 73' lang='lat' dir='ltr'><strong>quaecamque</strong></span> <span class='ocrx_word' id='word_1_159' title='bbox 1050 2370 1083 2420; x_wconf 86' lang='lat' dir='ltr'><strong>sd</strong></span> <span class='ocrx_word' id='word_1_160' title='bbox 1096 2369 1254 2432; x_wconf 85' lang='lat' dir='ltr'><strong>sepulturam</strong></span> <span class='ocrx_word' id='word_1_161' title='bbox 1267 2369 1348 2430; x_wconf 84' lang='lat' dir='ltr'><strong>perti·</strong></span> 
     </span>
     <span class='ocr_line' id='line_1_24' title="bbox 247 2443 1346 2509; baseline -0.005 -15"><span class='ocrx_word' id='word_1_162' title='bbox 247 2444 308 2494; x_wconf 89' lang='lat' dir='ltr'><strong>riori</strong></span> <span class='ocrx_word' id='word_1_163' title='bbox 322 2451 394 2508; x_wconf 85' lang='lat' dir='ltr'><strong>parte</strong></span> <span class='ocrx_word' id='word_1_164' title='bbox 401 2445 495 2509; x_wconf 81' lang='lat' dir='ltr'><strong>jugere</strong></span> <span class='ocrx_word' id='word_1_165' title='bbox 504 2452 605 2508; x_wconf 87' lang='lat' dir='ltr'><strong>septem</strong></span> <span class='ocrx_word' id='word_1_166' title='bbox 616 2447 776 2496; x_wconf 78' lang='lat' dir='ltr'><strong>continebat·</strong></span> <span class='ocrx_word' id='word_1_167' title='bbox 817 2449 923 2500; x_wconf 86' lang='lat' dir='ltr'><strong>nebant.</strong></span> <span class='ocrx_word' id='word_1_168' title='bbox 940 2448 963 2497; x_wconf 82' lang='grc' dir='ltr'><strong>Α</strong></span> <span class='ocrx_word' id='word_1_169' title='bbox 975 2449 1067 2496; x_wconf 80' lang='lat' dir='ltr'><strong>libendo</strong></span> <span class='ocrx_word' id='word_1_170' title='bbox 1079 2445 1159 2507; x_wconf 85' lang='lat' dir='ltr'><strong>dicta,</strong></span> <span class='ocrx_word' id='word_1_171' title='bbox 1169 2457 1202 2492; x_wconf 79' lang='lat' dir='ltr'><strong>ex</strong></span> <span class='ocrx_word' id='word_1_172' title='bbox 1212 2443 1328 2491; x_wconf 83' lang='lat' dir='ltr'><strong>Varrone</strong></span> <span class='ocrx_word' id='word_1_173' title='bbox 1340 2458 1346 2489; x_wconf 89' lang='lat'>:</span> 
     </span>
     <span class='ocr_line' id='line_1_25' title="bbox 247 2519 1347 2589; baseline -0.009 -13"><span class='ocrx_word' id='word_1_174' title='bbox 247 2520 497 2584; x_wconf 70' lang='grc' dir='ltr'><strong>Α111111ἅ1111111111111</strong></span> <span class='ocrx_word' id='word_1_175' title='bbox 522 2535 598 2586; x_wconf 67' lang='lat' dir='ltr'><strong>quum</strong></span> <span class='ocrx_word' id='word_1_176' title='bbox 616 2521 712 2584; x_wconf 73' lang='lat' dir='ltr'><strong>jugera</strong></span> <span class='ocrx_word' id='word_1_177' title='bbox 732 2536 777 2570; x_wconf 69' lang='lat' dir='ltr'><strong>tex</strong></span> <span class='ocrx_word' id='word_1_178' title='bbox 817 2525 909 2575; x_wconf 80' lang='lat' dir='ltr'><strong>eadem</strong></span> <span class='ocrx_word' id='word_1_179' title='bbox 929 2538 987 2589; x_wconf 73' lang='lat' dir='ltr'><strong>quie</strong></span> <span class='ocrx_word' id='word_1_180' title='bbox 1011 2521 1183 2582; x_wconf 81' lang='lat' dir='ltr'><strong>Proserpina:</strong></span> <span class='ocrx_word' id='word_1_181' title='bbox 1201 2533 1251 2567; x_wconf 88' lang='lat' dir='ltr'><strong>nec</strong></span> <span class='ocrx_word' id='word_1_182' title='bbox 1267 2519 1347 2567; x_wconf 89' lang='lat' dir='ltr'><strong>etiam</strong></span> 
     </span>
     <span class='ocr_line' id='line_1_26' title="bbox 248 2593 1348 2663; baseline -0.002 -19"><span class='ocrx_word' id='word_1_183' title='bbox 248 2594 353 2645; x_wconf 86' lang='lat' dir='ltr'><strong>tolleret</strong></span> <span class='ocrx_word' id='word_1_184' title='bbox 367 2631 373 2644; x_wconf 98' lang='lat'><strong>.</strong></span> <span class='ocrx_word' id='word_1_185' title='bbox 387 2631 392 2644; x_wconf 93' lang='lat'><strong>.</strong></span> <span class='ocrx_word' id='word_1_186' title='bbox 406 2593 524 2647; x_wconf 76' lang='lat' dir='ltr'><strong>..terme</strong></span> <span class='ocrx_word' id='word_1_187' title='bbox 548 2598 620 2644; x_wconf 82' lang='lat' dir='ltr'><strong>annis</strong></span> <span class='ocrx_word' id='word_1_188' title='bbox 647 2599 726 2658; x_wconf 86' lang='lat' dir='ltr'><strong>mille,</strong></span> <span class='ocrx_word' id='word_1_189' title='bbox 749 2608 777 2646; x_wconf 91' lang='grc' dir='ltr'><strong>ιιι</strong></span> <span class='ocrx_word' id='word_1_190' title='bbox 818 2600 952 2663; x_wconf 86' lang='lat' dir='ltr'><strong>aliaquam</strong></span> <span class='ocrx_word' id='word_1_191' title='bbox 961 2599 1049 2648; x_wconf 85' lang='lat' dir='ltr'><strong>Venus</strong></span> <span class='ocrx_word' id='word_1_192' title='bbox 1062 2595 1175 2659; x_wconf 89' lang='lat' dir='ltr'><strong>antiquis</strong></span> <span class='ocrx_word' id='word_1_193' title='bbox 1189 2593 1348 2654; x_wconf 82' lang='lat' dir='ltr'><strong>existimate,</strong></span> 
     </span>
     <span class='ocr_line' id='line_1_27' title="bbox 248 2669 1348 2734; baseline -0.003 -13"><span class='ocrx_word' id='word_1_194' title='bbox 248 2670 778 2734; x_wconf 74' lang='lat' dir='ltr'><strong>referuntquidsm;utaliitradunt,am·</strong></span> <span class='ocrx_word' id='word_1_195' title='bbox 818 2684 847 2722; x_wconf 90' lang='lat' dir='ltr'><strong>ut</strong></span> <span class='ocrx_word' id='word_1_196' title='bbox 874 2674 964 2723; x_wconf 83' lang='lat' dir='ltr'><strong>eadem</strong></span> <span class='ocrx_word' id='word_1_197' title='bbox 985 2672 1115 2722; x_wconf 74' lang='lat' dir='ltr'><strong>natalibus</strong></span> <span class='ocrx_word' id='word_1_198' title='bbox 1142 2678 1169 2720; x_wconf 87' lang='lat' dir='ltr'><strong>et</strong></span> <span class='ocrx_word' id='word_1_199' title='bbox 1192 2669 1268 2719; x_wconf 88' lang='lat' dir='ltr'><strong>morti</strong></span> <span class='ocrx_word' id='word_1_200' title='bbox 1291 2671 1348 2718; x_wconf 82' lang='lat' dir='ltr'><strong>Des</strong></span> 
     </span>
     <span class='ocr_line' id='line_1_28' title="bbox 248 2745 1348 2812; baseline -0.002 -16"><span class='ocrx_word' id='word_1_201' title='bbox 248 2747 316 2810; x_wconf 80' lang='lat' dir='ltr'><strong>plius</strong></span> <span class='ocrx_word' id='word_1_202' title='bbox 336 2747 418 2795; x_wconf 86' lang='lat' dir='ltr'><strong>tribus</strong></span> <span class='ocrx_word' id='word_1_203' title='bbox 442 2746 552 2795; x_wconf 88' lang='lat' dir='ltr'><strong>millibus</strong></span> <span class='ocrx_word' id='word_1_204' title='bbox 574 2747 779 2812; x_wconf 76' lang='lat' dir='ltr'><strong>qrrsdringemts,</strong></span> <span class='ocrx_word' id='word_1_205' title='bbox 818 2749 979 2812; x_wconf 71' lang='lat' dir='ltr'><strong>presideret,</strong></span> <span class='ocrx_word' id='word_1_206' title='bbox 998 2755 1077 2812; x_wconf 82' lang='lat' dir='ltr'><strong>atque</strong></span> <span class='ocrx_word' id='word_1_207' title='bbox 1091 2745 1246 2809; x_wconf 84' lang='lat' dir='ltr'><strong>principium</strong></span> <span class='ocrx_word' id='word_1_208' title='bbox 1259 2745 1348 2794; x_wconf 88' lang='lat' dir='ltr'><strong>tinem·</strong></span> 
     </span>
     <span class='ocr_line' id='line_1_29' title="bbox 249 2820 1348 2889; baseline -0.003 -18"><span class='ocrx_word' id='word_1_209' title='bbox 249 2821 281 2871; x_wconf 80' lang='lat' dir='ltr'><strong>sd</strong></span> <span class='ocrx_word' id='word_1_210' title='bbox 299 2836 345 2870; x_wconf 90' lang='lat' dir='ltr'><strong>nos</strong></span> <span class='ocrx_word' id='word_1_211' title='bbox 362 2836 443 2885; x_wconf 87' lang='lat' dir='ltr'><strong>usque</strong></span> <span class='ocrx_word' id='word_1_212' title='bbox 463 2835 494 2870; x_wconf 86' lang='lat' dir='ltr'><strong>ea</strong></span> <span class='ocrx_word' id='word_1_213' title='bbox 510 2824 591 2872; x_wconf 89' lang='lat' dir='ltr'><strong>moles</strong></span> <span class='ocrx_word' id='word_1_214' title='bbox 608 2823 709 2887; x_wconf 76' lang='lat' dir='ltr'><strong>integra</strong></span> <span class='ocrx_word' id='word_1_215' title='bbox 720 2839 779 2889; x_wconf 92' lang='lat' dir='ltr'><strong>per·</strong></span> <span class='ocrx_word' id='word_1_216' title='bbox 817 2839 867 2886; x_wconf 86' lang='lat' dir='ltr'><strong>que</strong></span> <span class='ocrx_word' id='word_1_217' title='bbox 886 2825 946 2872; x_wconf 80' lang='lat' dir='ltr'><strong>vitae</strong></span> <span class='ocrx_word' id='word_1_218' title='bbox 963 2825 988 2871; x_wconf 91' lang='lat' dir='ltr'><strong>in</strong></span> <span class='ocrx_word' id='word_1_219' title='bbox 1008 2829 1141 2887; x_wconf 78' lang='lat' dir='ltr'><strong>potestate</strong></span> <span class='ocrx_word' id='word_1_220' title='bbox 1155 2820 1278 2870; x_wconf 86' lang='lat' dir='ltr'><strong>haberet:</strong></span> <span class='ocrx_word' id='word_1_221' title='bbox 1297 2836 1348 2885; x_wconf 89' lang='lat' dir='ltr'><strong>quo</strong></span> 
     </span>
     <span class='ocr_line' id='line_1_30' title="bbox 249 2895 1348 2962; baseline 0.001 -17"><span class='ocrx_word' id='word_1_222' title='bbox 249 2897 358 2945; x_wconf 85' lang='lat' dir='ltr'><strong>maurit:</strong></span> <span class='ocrx_word' id='word_1_223' title='bbox 376 2910 408 2952; x_wconf 83' lang='lat' dir='ltr'><strong>en</strong></span> <span class='ocrx_word' id='word_1_224' title='bbox 431 2895 528 2946; x_wconf 79' lang='lat' dir='ltr'><strong>Arabis</strong></span> <span class='ocrx_word' id='word_1_225' title='bbox 545 2898 621 2961; x_wconf 72' lang='lat' dir='ltr'><strong>longo</strong></span> <span class='ocrx_word' id='word_1_226' title='bbox 641 2899 777 2949; x_wconf 80' lang='lat' dir='ltr'><strong>admodum</strong></span> <span class='ocrx_word' id='word_1_227' title='bbox 817 2898 966 2962; x_wconf 80' lang='lat' dir='ltr'><strong>fragilitatis</strong></span> <span class='ocrx_word' id='word_1_228' title='bbox 984 2900 1103 2948; x_wconf 74' lang='lat' dir='ltr'><strong>bumana</strong></span> <span class='ocrx_word' id='word_1_229' title='bbox 1121 2898 1267 2946; x_wconf 75' lang='lat' dir='ltr'><strong>mortalium</strong></span> <span class='ocrx_word' id='word_1_230' title='bbox 1280 2898 1348 2961; x_wconf 89' lang='lat' dir='ltr'><strong>quis·</strong></span> 
     </span>
     <span class='ocr_line' id='line_1_31' title="bbox 248 2970 1348 3038; baseline -0.003 -15"><span class='ocrx_word' id='word_1_231' title='bbox 248 2970 779 3036; x_wconf 72' lang='lat' dir='ltr'><strong>itinereadrectislapidibusconstructa’</strong></span> <span class='ocrx_word' id='word_1_232' title='bbox 819 2989 868 3038; x_wconf 89' lang='lat' dir='ltr'><strong>que</strong></span> <span class='ocrx_word' id='word_1_233' title='bbox 894 2975 1085 3022; x_wconf 85' lang='lat' dir='ltr'><strong>admoneretur.</strong></span> <span class='ocrx_word' id='word_1_234' title='bbox 1121 2970 1220 3021; x_wconf 74' lang='lat' dir='ltr'><strong>ductor</strong></span> <span class='ocrx_word' id='word_1_235' title='bbox 1245 2971 1348 3020; x_wconf 80' lang='lat' dir='ltr'><strong>Plutus·</strong></span> 
     </span>
     <span class='ocr_line' id='line_1_32' title="bbox 250 3046 1347 3099; baseline 0 -3"><span class='ocrx_word' id='word_1_236' title='bbox 250 3047 332 3097; x_wconf 82' lang='lat' dir='ltr'><strong>Istam</strong></span> <span class='ocrx_word' id='word_1_237' title='bbox 345 3062 372 3097; x_wconf 87' lang='lat' dir='ltr'><strong>se</strong></span> <span class='ocrx_word' id='word_1_238' title='bbox 385 3047 479 3096; x_wconf 80' lang='lat' dir='ltr'><strong>vidisse</strong></span> <span class='ocrx_word' id='word_1_239' title='bbox 491 3047 574 3097; x_wconf 86' lang='lat' dir='ltr'><strong>adbuc</strong></span> <span class='ocrx_word' id='word_1_240' title='bbox 590 3055 700 3098; x_wconf 81' lang='lat' dir='ltr'><strong>stentem</strong></span> <span class='ocrx_word' id='word_1_241' title='bbox 711 3065 778 3099; x_wconf 88' lang='lat' dir='ltr'><strong>anno</strong></span> <span class='ocrx_word' id='word_1_242' title='bbox 819 3049 882 3098; x_wconf 85' lang='lat' dir='ltr'><strong>ebus</strong></span> <span class='ocrx_word' id='word_1_243' title='bbox 893 3051 920 3098; x_wconf 89' lang='lat' dir='ltr'><strong>iu</strong></span> <span class='ocrx_word' id='word_1_244' title='bbox 937 3049 1023 3097; x_wconf 84' lang='lat' dir='ltr'><strong>Numa</strong></span> <span class='ocrx_word' id='word_1_245' title='bbox 1034 3054 1063 3096; x_wconf 92' lang='lat' dir='ltr'><strong>et</strong></span> <span class='ocrx_word' id='word_1_246' title='bbox 1074 3046 1100 3096; x_wconf 89' lang='lat' dir='ltr'><strong>in</strong></span> <span class='ocrx_word' id='word_1_247' title='bbox 1113 3046 1245 3096; x_wconf 86' lang='lat' dir='ltr'><strong>Problem.</strong></span> <span class='ocrx_word' id='word_1_248' title='bbox 1279 3048 1347 3097; x_wconf 85' lang='lat' dir='ltr'><strong>Vide</strong></span> 
     </span>
     <span class='ocr_line' id='line_1_33' title="bbox 251 3123 1190 3189; baseline 0.002 -15"><span class='ocrx_word' id='word_1_249' title='bbox 251 3127 324 3174; x_wconf 70' lang='lat'><strong>1⁰³8.</strong></span> <span class='ocrx_word' id='word_1_250' title='bbox 345 3123 372 3170; x_wconf 91' lang='lat' dir='ltr'><strong>in</strong></span> <span class='ocrx_word' id='word_1_251' title='bbox 389 3138 442 3173; x_wconf 86' lang='lat' dir='ltr'><strong>suae</strong></span> <span class='ocrx_word' id='word_1_252' title='bbox 462 3125 673 3188; x_wconf 77' lang='lat' dir='ltr'><strong>peregrinationis</strong></span> <span class='ocrx_word' id='word_1_253' title='bbox 692 3141 778 3176; x_wconf 84' lang='lat' dir='ltr'><strong>unrra-</strong></span> <span class='ocrx_word' id='word_1_254' title='bbox 819 3134 847 3176; x_wconf 88' lang='lat' dir='ltr'><strong>et</strong></span> <span class='ocrx_word' id='word_1_255' title='bbox 859 3128 923 3176; x_wconf 85' lang='lat' dir='ltr'><strong>Coel.</strong></span> <span class='ocrx_word' id='word_1_256' title='bbox 934 3126 1046 3189; x_wconf 74' lang='lat' dir='ltr'><strong>Rhodig.</strong></span> <span class='ocrx_word' id='word_1_257' title='bbox 1058 3138 1138 3175; x_wconf 79' lang='lat' dir='ltr'><strong>xxix.</strong></span> <span class='ocrx_word' id='word_1_258' title='bbox 1150 3129 1190 3176; x_wconf 80' lang='lat'><strong>18.</strong></span> 
     </span>
     <span class='ocr_line' id='line_1_34' title="bbox 250 3199 1348 3266; baseline 0 -18"><span class='ocrx_word' id='word_1_259' title='bbox 250 3199 330 3260; x_wconf 89' lang='lat' dir='ltr'><strong>tione,</strong></span> <span class='ocrx_word' id='word_1_260' title='bbox 342 3204 453 3248; x_wconf 88' lang='lat' dir='ltr'><strong>testatur</strong></span> <span class='ocrx_word' id='word_1_261' title='bbox 468 3200 584 3250; x_wconf 81' lang='lat' dir='ltr'><strong>Joanues</strong></span> <span class='ocrx_word' id='word_1_262' title='bbox 597 3201 712 3251; x_wconf 79' lang='lat' dir='ltr'><strong>Greeves</strong></span> <span class='ocrx_word' id='word_1_263' title='bbox 730 3203 778 3252; x_wconf 81' lang='lat' dir='ltr'><strong>Aa·</strong></span> <span class='ocrx_word' id='word_1_264' title='bbox 855 3203 932 3266; x_wconf 77' lang='lat' dir='ltr'><strong>Usque</strong></span> <span class='ocrx_word' id='word_1_265' title='bbox 941 3218 983 3265; x_wconf 81' lang='lat' dir='ltr'><strong>ego</strong></span> <span class='ocrx_word' id='word_1_266' title='bbox 997 3207 1091 3266; x_wconf 79' lang='lat' dir='ltr'><strong>postero</strong></span> <span class='ocrx_word' id='word_1_267' title='bbox 1104 3201 1214 3251; x_wconf 81' lang='lat' dir='ltr'><strong>Crescorn</strong></span> <span class='ocrx_word' id='word_1_268' title='bbox 1226 3201 1294 3249; x_wconf 81' lang='lat' dir='ltr'><strong>leude</strong></span> <span class='ocrx_word' id='word_1_269' title='bbox 1311 3213 1348 3248; x_wconf 88' lang='lat' dir='ltr'><strong>re-</strong></span> 
     </span>
     <span class='ocr_line' id='line_1_35' title="bbox 249 3274 1349 3345; baseline 0.001 -21"><span class='ocrx_word' id='word_1_270' title='bbox 249 3275 383 3326; x_wconf 86' lang='lat' dir='ltr'><strong>tronomiae</strong></span> <span class='ocrx_word' id='word_1_271' title='bbox 396 3274 532 3324; x_wconf 76' lang='lat' dir='ltr'><strong>Professor</strong></span> <span class='ocrx_word' id='word_1_272' title='bbox 542 3277 642 3340; x_wconf 75' lang='lat' dir='ltr'><strong>Angla·</strong></span> <span class='ocrx_word' id='word_1_273' title='bbox 651 3292 778 3345; x_wconf 85' lang='lat' dir='ltr'><strong>;esmque</strong></span> <span class='ocrx_word' id='word_1_274' title='bbox 818 3281 883 3344; x_wconf 81' lang='lat' dir='ltr'><strong>rens]</strong></span> <span class='ocrx_word' id='word_1_275' title='bbox 910 3281 991 3330; x_wconf 88' lang='lat' dir='ltr'><strong>Neris</strong></span> <span class='ocrx_word' id='word_1_276' title='bbox 1002 3281 1029 3328; x_wconf 92' lang='lat' dir='ltr'><strong>in</strong></span> <span class='ocrx_word' id='word_1_277' title='bbox 1040 3278 1095 3328; x_wconf 88' lang='lat' dir='ltr'><strong>dies</strong></span> <span class='ocrx_word' id='word_1_278' title='bbox 1108 3278 1225 3327; x_wconf 84' lang='lat' dir='ltr'><strong>laudibus</strong></span> <span class='ocrx_word' id='word_1_279' title='bbox 1236 3277 1349 3326; x_wconf 84' lang='lat' dir='ltr'><strong>cumula-</strong></span> 
     </span>
     <span class='ocr_line' id='line_1_36' title="bbox 249 3351 1349 3420; baseline 0 -20"><span class='ocrx_word' id='word_1_280' title='bbox 249 3358 304 3400; x_wconf 85' lang='lat' dir='ltr'><strong>tam</strong></span> <span class='ocrx_word' id='word_1_281' title='bbox 320 3351 468 3402; x_wconf 86' lang='lat' dir='ltr'><strong>interiorem</strong></span> <span class='ocrx_word' id='word_1_282' title='bbox 486 3367 562 3415; x_wconf 88' lang='lat' dir='ltr'><strong>quam</strong></span> <span class='ocrx_word' id='word_1_283' title='bbox 580 3356 735 3405; x_wconf 83' lang='lat' dir='ltr'><strong>exteriorem</strong></span> <span class='ocrx_word' id='word_1_284' title='bbox 752 3371 778 3404; x_wconf 89' lang='lat' dir='ltr'><strong>e·</strong></span> <span class='ocrx_word' id='word_1_285' title='bbox 820 3356 890 3406; x_wconf 83' lang='lat' dir='ltr'><strong>bora</strong></span> <span class='ocrx_word' id='word_1_286' title='bbox 900 3355 1027 3420; x_wconf 86' lang='lat' dir='ltr'><strong>posteris:</strong></span> <span class='ocrx_word' id='word_1_287' title='bbox 1046 3355 1133 3419; x_wconf 85' lang='lat' dir='ltr'><strong>sieque</strong></span> <span class='ocrx_word' id='word_1_288' title='bbox 1145 3354 1215 3401; x_wconf 86' lang='lat' dir='ltr'><strong>velut</strong></span> <span class='ocrx_word' id='word_1_289' title='bbox 1226 3354 1349 3401; x_wconf 80' lang='lat' dir='ltr'><strong>innovata</strong></span> 
     </span>
     <span class='ocr_line' id='line_1_37' title="bbox 250 3426 1347 3494; baseline 0.001 -19"><span class='ocrx_word' id='word_1_290' title='bbox 250 3428 340 3491; x_wconf 76' lang='lat' dir='ltr'><strong>gregis</strong></span> <span class='ocrx_word' id='word_1_291' title='bbox 351 3426 477 3476; x_wconf 88' lang='lat' dir='ltr'><strong>describit</strong></span> <span class='ocrx_word' id='word_1_292' title='bbox 493 3429 596 3492; x_wconf 83' lang='lat' dir='ltr'><strong>qualem</strong></span> <span class='ocrx_word' id='word_1_293' title='bbox 616 3428 729 3494; x_wconf 87' lang='lat' dir='ltr'><strong>inspexit</strong></span> <span class='ocrx_word' id='word_1_294' title='bbox 748 3445 778 3480; x_wconf 80' lang='lat' dir='ltr'><strong>ec</strong></span> <span class='ocrx_word' id='word_1_295' title='bbox 819 3429 1347 3493; x_wconf 82' lang='lat' dir='ltr'><strong>meimemoriasemperinclarescet,eon-</strong></span> 
     </span>
     <span class='ocr_line' id='line_1_38' title="bbox 250 3503 1227 3571; baseline -0.001 -19"><span class='ocrx_word' id='word_1_296' title='bbox 250 3503 383 3556; x_wconf 83' lang='lat' dir='ltr'><strong>dimensus</strong></span> <span class='ocrx_word' id='word_1_297' title='bbox 395 3510 443 3560; x_wconf 85' lang='lat' dir='ltr'><strong>est,</strong></span> <span class='ocrx_word' id='word_1_298' title='bbox 455 3505 498 3552; x_wconf 85' lang='lat' dir='ltr'><strong>vix</strong></span> <span class='ocrx_word' id='word_1_299' title='bbox 510 3505 640 3568; x_wconf 79' lang='lat' dir='ltr'><strong>paululum</strong></span> <span class='ocrx_word' id='word_1_300' title='bbox 654 3504 778 3556; x_wconf 78' lang='lat' dir='ltr'><strong>deforme-</strong></span> <span class='ocrx_word' id='word_1_301' title='bbox 819 3509 890 3558; x_wconf 87' lang='lat' dir='ltr'><strong>cidet</strong></span> <span class='ocrx_word' id='word_1_302' title='bbox 901 3520 1029 3571; x_wconf 87' lang='lat' dir='ltr'><strong>nunquam</strong></span> <span class='ocrx_word' id='word_1_303' title='bbox 1042 3511 1087 3553; x_wconf 88' lang='lat' dir='ltr'><strong>aut</strong></span> <span class='ocrx_word' id='word_1_304' title='bbox 1098 3511 1227 3552; x_wconf 75' lang='lat' dir='ltr'><strong>senescet.</strong></span> 
     </span>
     <span class='ocr_line' id='line_1_39' title="bbox 250 3577 1347 3646; baseline -0.001 -18"><span class='ocrx_word' id='word_1_305' title='bbox 250 3587 321 3638; x_wconf 73' lang='grc' dir='ltr'><strong>ιιιιις</strong></span> <span class='ocrx_word' id='word_1_306' title='bbox 340 3581 469 3644; x_wconf 83' lang='lat' dir='ltr'><strong>altamque</strong></span> <span class='ocrx_word' id='word_1_307' title='bbox 484 3580 550 3629; x_wconf 86' lang='lat' dir='ltr'><strong>dicit</strong></span> <span class='ocrx_word' id='word_1_308' title='bbox 563 3579 642 3644; x_wconf 86' lang='lat' dir='ltr'><strong>pedes</strong></span> <span class='ocrx_word' id='word_1_309' title='bbox 653 3581 707 3631; x_wconf 82' lang='lat' dir='ltr'><strong>fere</strong></span> <span class='ocrx_word' id='word_1_310' title='bbox 719 3598 778 3646; x_wconf 84' lang='lat' dir='ltr'><strong>sep·</strong></span> <span class='ocrx_word' id='word_1_311' title='bbox 850 3587 866 3632; x_wconf 83' lang='grc'><strong>8</strong></span> <span class='ocrx_word' id='word_1_312' title='bbox 895 3583 961 3631; x_wconf 81' lang='lat' dir='ltr'><strong>Dum</strong></span> <span class='ocrx_word' id='word_1_313' title='bbox 990 3580 1134 3644; x_wconf 80' lang='lat' dir='ltr'><strong>Capitolium</strong></span> <span class='ocrx_word' id='word_1_314' title='bbox 1159 3578 1271 3640; x_wconf 78' lang='lat' dir='ltr'><strong>Scandet,</strong></span> <span class='ocrx_word' id='word_1_315' title='bbox 1295 3577 1347 3642; x_wconf 65' lang='lat' dir='ltr'><strong>tre]</strong></span> 
     </span>
     <span class='ocr_line' id='line_1_40' title="bbox 249 3654 1349 3718; baseline 0.001 -16"><span class='ocrx_word' id='word_1_316' title='bbox 249 3655 398 3718; x_wconf 80' lang='lat' dir='ltr'><strong>tingeutos;</strong></span> <span class='ocrx_word' id='word_1_317' title='bbox 421 3662 449 3704; x_wconf 87' lang='lat' dir='ltr'><strong>et</strong></span> <span class='ocrx_word' id='word_1_318' title='bbox 461 3657 658 3705; x_wconf 86' lang='lat' dir='ltr'><strong>convenientem</strong></span> <span class='ocrx_word' id='word_1_319' title='bbox 670 3657 778 3706; x_wconf 88' lang='lat' dir='ltr'><strong>Diodori</strong></span> <span class='ocrx_word' id='word_1_320' title='bbox 820 3657 890 3706; x_wconf 89' lang='lat' dir='ltr'><strong>Dum</strong></span> <span class='ocrx_word' id='word_1_321' title='bbox 903 3671 976 3705; x_wconf 80' lang='lat' dir='ltr'><strong>sacre</strong></span> <span class='ocrx_word' id='word_1_322' title='bbox 994 3656 1081 3704; x_wconf 81' lang='lat' dir='ltr'><strong>Romre</strong></span> <span class='ocrx_word' id='word_1_323' title='bbox 1096 3654 1160 3703; x_wconf 87' lang='lat' dir='ltr'><strong>fient</strong></span> <span class='ocrx_word' id='word_1_324' title='bbox 1171 3655 1197 3702; x_wconf 93' lang='lat' dir='ltr'><strong>in</strong></span> <span class='ocrx_word' id='word_1_325' title='bbox 1210 3655 1349 3718; x_wconf 83' lang='lat' dir='ltr'><strong>Capitolio,</strong></span> 
     </span>
     <span class='ocr_line' id='line_1_41' title="bbox 250 3729 1348 3797; baseline 0.004 -19"><span class='ocrx_word' id='word_1_326' title='bbox 250 3743 395 3779; x_wconf 85' lang='lat' dir='ltr'><strong>mensuram</strong></span> <span class='ocrx_word' id='word_1_327' title='bbox 406 3745 452 3780; x_wconf 88' lang='lat' dir='ltr'><strong>seu</strong></span> <span class='ocrx_word' id='word_1_328' title='bbox 464 3729 588 3779; x_wconf 88' lang='lat' dir='ltr'><strong>metiendi</strong></span> <span class='ocrx_word' id='word_1_329' title='bbox 605 3731 726 3781; x_wconf 81' lang='lat' dir='ltr'><strong>rstionem</strong></span> <span class='ocrx_word' id='word_1_330' title='bbox 740 3748 779 3781; x_wconf 85' lang='lat' dir='ltr'><strong>as·</strong></span> <span class='ocrx_word' id='word_1_331' title='bbox 819 3749 851 3783; x_wconf 87' lang='lat' dir='ltr'><strong>ae</strong></span> <span class='ocrx_word' id='word_1_332' title='bbox 862 3733 971 3797; x_wconf 84' lang='lat' dir='ltr'><strong>proinde</strong></span> <span class='ocrx_word' id='word_1_333' title='bbox 988 3731 1110 3796; x_wconf 87' lang='lat' dir='ltr'><strong>quamdin</strong></span> <span class='ocrx_word' id='word_1_334' title='bbox 1130 3731 1211 3780; x_wconf 87' lang='lat' dir='ltr'><strong>stabit</strong></span> <span class='ocrx_word' id='word_1_335' title='bbox 1229 3730 1290 3780; x_wconf 87' lang='lat' dir='ltr'><strong>urbs</strong></span> <span class='ocrx_word' id='word_1_336' title='bbox 1303 3733 1348 3782; x_wconf 80' lang='lat' dir='ltr'><strong>ills</strong></span> 
     </span>
     <span class='ocr_line' id='line_1_42' title="bbox 251 3797 1346 3872; baseline 0.003 -20"><span class='ocrx_word' id='word_1_337' title='bbox 251 3805 385 3864; x_wconf 58' lang='lat' dir='ltr'><strong>scribite.</strong></span> <span class='ocrx_word' id='word_1_338' title='bbox 760 3797 764 3808; x_wconf 82' lang='lat'>&#39;</span> <span class='ocrx_word' id='word_1_339' title='bbox 819 3819 925 3858; x_wconf 75' lang='lat' dir='ltr'><strong>aeterna.</strong></span> <span class='ocrx_word' id='word_1_340' title='bbox 968 3806 1063 3872; x_wconf 79' lang='lat' dir='ltr'><strong>virgil.</strong></span> <span class='ocrx_word' id='word_1_341' title='bbox 1091 3805 1192 3855; x_wconf 82' lang='lat' dir='ltr'><strong>AEneid.</strong></span> <span class='ocrx_word' id='word_1_342' title='bbox 1219 3819 1261 3854; x_wconf 85' lang='lat' dir='ltr'><strong>rx.</strong></span> <span class='ocrx_word' id='word_1_343' title='bbox 1289 3809 1346 3856; x_wconf 80' lang='lat' dir='ltr'><strong>tte.</strong></span> 
     </span>
     <span class='ocr_line' id='line_1_43' title="bbox 282 3878 1348 3946; baseline 0.003 -19"><span class='ocrx_word' id='word_1_344' title='bbox 282 3883 298 3928; x_wconf 80' lang='lat' dir='ltr'><strong>s</strong></span> <span class='ocrx_word' id='word_1_345' title='bbox 318 3879 386 3934; x_wconf 84' lang='lat' dir='ltr'><strong>Quod</strong></span> <span class='ocrx_word' id='word_1_346' title='bbox 395 3894 440 3927; x_wconf 82' lang='lat' dir='ltr'><strong>non</strong></span> <span class='ocrx_word' id='word_1_347' title='bbox 450 3878 524 3928; x_wconf 80' lang='lat' dir='ltr'><strong>imber</strong></span> <span class='ocrx_word' id='word_1_348' title='bbox 534 3881 604 3937; x_wconf 61' lang='lat' dir='ltr'><strong>edom</strong></span> <span class='ocrx_word' id='word_1_349' title='bbox 617 3881 671 3946; x_wconf 62' lang='lat' dir='ltr'><strong>de]</strong></span> <span class='ocrx_word' id='word_1_350' title='bbox 690 3881 777 3932; x_wconf 88' lang='lat' dir='ltr'><strong>lmitn-</strong></span> <span class='ocrx_word' id='word_1_351' title='bbox 819 3885 905 3934; x_wconf 83' lang='lat' dir='ltr'><strong>‘Dum</strong></span> <span class='ocrx_word' id='word_1_352' title='bbox 917 3885 1008 3933; x_wconf 82' lang='lat' dir='ltr'><strong>domus</strong></span> <span class='ocrx_word' id='word_1_353' title='bbox 1022 3881 1109 3931; x_wconf 82' lang='lat' dir='ltr'><strong>AEneae</strong></span> <span class='ocrx_word' id='word_1_354' title='bbox 1128 3879 1243 3944; x_wconf 85' lang='lat' dir='ltr'><strong>Capitoli</strong></span> <span class='ocrx_word' id='word_1_355' title='bbox 1259 3881 1348 3930; x_wconf 90' lang='lat' dir='ltr'><strong>immo·</strong></span> 
     </span>
     <span class='ocr_line' id='line_1_44' title="bbox 249 3955 1345 4022; baseline -0.001 -15"><span class='ocrx_word' id='word_1_356' title='bbox 249 3955 288 4007; x_wconf 85' lang='lat' dir='ltr'><strong>tio</strong></span> <span class='ocrx_word' id='word_1_357' title='bbox 310 3964 352 4004; x_wconf 86' lang='lat' dir='ltr'><strong>est</strong></span> <span class='ocrx_word' id='word_1_358' title='bbox 379 3955 525 4004; x_wconf 70' lang='lat' dir='ltr'><strong>Pindarico</strong></span> <span class='ocrx_word' id='word_1_359' title='bbox 549 3956 676 4020; x_wconf 85' lang='lat' dir='ltr'><strong>dictionis,</strong></span> <span class='ocrx_word' id='word_1_360' title='bbox 698 3958 776 4022; x_wconf 84' lang='lat' dir='ltr'><strong>Pytb.</strong></span> <span class='ocrx_word' id='word_1_361' title='bbox 818 3960 870 4011; x_wconf 88' lang='lat' dir='ltr'><strong>bile</strong></span> <span class='ocrx_word' id='word_1_362' title='bbox 890 3975 979 4010; x_wconf 87' lang='lat' dir='ltr'><strong>saxum</strong></span> <span class='ocrx_word' id='word_1_363' title='bbox 1007 3958 1124 4013; x_wconf 85' lang='lat' dir='ltr'><strong>Accolet,</strong></span> <span class='ocrx_word' id='word_1_364' title='bbox 1151 3955 1345 4021; x_wconf 84' lang='lat' dir='ltr'><strong>imperiumque</strong></span> 
     </span>
     <span class='ocr_line' id='line_1_45' title="bbox 252 4029 1169 4100; baseline -0.004 -17"><span class='ocrx_word' id='word_1_365' title='bbox 252 4031 304 4083; x_wconf 80' lang='lat' dir='ltr'><strong>ot.</strong></span> <span class='ocrx_word' id='word_1_366' title='bbox 317 4043 353 4080; x_wconf 89' lang='lat' dir='ltr'><strong>vr.</strong></span> <span class='ocrx_word' id='word_1_367' title='bbox 370 4029 415 4080; x_wconf 88' lang='lat' dir='ltr'><strong>nbi</strong></span> <span class='ocrx_word' id='word_1_368' title='bbox 432 4029 571 4081; x_wconf 82' lang='lat' dir='ltr'><strong>Xenocrati</strong></span> <span class='ocrx_word' id='word_1_369' title='bbox 588 4040 693 4097; x_wconf 86' lang='lat' dir='ltr'><strong>paratus</strong></span> <span class='ocrx_word' id='word_1_370' title='bbox 712 4035 776 4084; x_wconf 87' lang='lat' dir='ltr'><strong>dici·</strong></span> <span class='ocrx_word' id='word_1_371' title='bbox 818 4044 893 4100; x_wconf 84' lang='lat' dir='ltr'><strong>pater</strong></span> <span class='ocrx_word' id='word_1_372' title='bbox 904 4029 1169 4085; x_wconf 80' lang='lat' dir='ltr'><strong>Romannsbabebit&#39;</strong></span> 
     </span>
     <span class='ocr_line' id='line_1_46' title="bbox 250 4105 1346 4173; baseline -0.001 -15"><span class='ocrx_word' id='word_1_373' title='bbox 250 4114 294 4158; x_wconf 89' lang='lat' dir='ltr'><strong>tur</strong></span> <span class='ocrx_word' id='word_1_374' title='bbox 305 4105 409 4158; x_wconf 82' lang='lat' dir='ltr'><strong>laudum</strong></span> <span class='ocrx_word' id='word_1_375' title='bbox 428 4105 570 4172; x_wconf 79' lang='lat' dir='ltr'><strong>thesaurus,</strong></span> <span class='ocrx_word' id='word_1_376' title='bbox 586 4124 663 4173; x_wconf 87' lang='lat' dir='ltr'><strong>quem</strong></span> <span class='ocrx_word' id='word_1_377' title='bbox 673 4108 776 4162; x_wconf 87' lang='lat' dir='ltr'><strong>diruere</strong></span> <span class='ocrx_word' id='word_1_378' title='bbox 849 4117 866 4160; x_wconf 83' lang='grc'>9</span> <span class='ocrx_word' id='word_1_379' title='bbox 884 4113 945 4160; x_wconf 76' lang='lat' dir='ltr'><strong>Corn</strong></span> <span class='ocrx_word' id='word_1_380' title='bbox 959 4109 1035 4158; x_wconf 81' lang='lat' dir='ltr'><strong>tacito</strong></span> <span class='ocrx_word' id='word_1_381' title='bbox 1054 4105 1161 4170; x_wconf 77' lang='lat' dir='ltr'><strong>tirgr&#39;ne]</strong></span> <span class='ocrx_word' id='word_1_382' title='bbox 1177 4107 1306 4158; x_wconf 76' lang='lat' dir='ltr'><strong>Quamdiu</strong></span> <span class='ocrx_word' id='word_1_383' title='bbox 1318 4115 1346 4157; x_wconf 89' lang='lat' dir='ltr'><strong>et</strong></span> 
     </span>
     <span class='ocr_line' id='line_1_47' title="bbox 250 4179 1347 4249; baseline -0.001 -16"><span class='ocrx_word' id='word_1_384' title='bbox 250 4196 297 4234; x_wconf 88' lang='lat' dir='ltr'><strong>serr</strong></span> <span class='ocrx_word' id='word_1_385' title='bbox 319 4179 423 4234; x_wconf 78' lang='lat' dir='ltr'><strong>auferre</strong></span> <span class='ocrx_word' id='word_1_386' title='bbox 444 4190 558 4246; x_wconf 84' lang='lat' dir='ltr'><strong>aequest</strong></span> <span class='ocrx_word' id='word_1_387' title='bbox 584 4184 624 4233; x_wconf 83' lang='lat' dir='ltr'><strong>rel</strong></span> <span class='ocrx_word' id='word_1_388' title='bbox 647 4185 777 4249; x_wconf 82' lang='lat' dir='ltr'><strong>hybernus</strong></span> <span class='ocrx_word' id='word_1_389' title='bbox 819 4187 936 4239; x_wconf 80' lang='lat' dir='ltr'><strong>Vestales</strong></span> <span class='ocrx_word' id='word_1_390' title='bbox 958 4185 1009 4236; x_wconf 88' lang='lat' dir='ltr'><strong>rlte</strong></span> <span class='ocrx_word' id='word_1_391' title='bbox 1027 4183 1158 4234; x_wconf 88' lang='lat' dir='ltr'><strong>silentium</strong></span> <span class='ocrx_word' id='word_1_392' title='bbox 1180 4182 1347 4232; x_wconf 77' lang='lat' dir='ltr'><strong>observantes</strong></span> 
     </span>
    </p>
   </div>
   <div class='ocr_carea' id='block_1_6' title="bbox 0 0 1585 4892">
    <p class='ocr_par' dir='ltr' id='par_1_8' title="bbox 0 0 1585 4892">
     <span class='ocr_line' id='line_1_48' title="bbox 0 0 1585 4892; baseline 0 0"><span class='ocrx_word' id='word_1_393' title='bbox 0 0 1585 4892; x_wconf 95' lang='lat' dir='ltr'><strong> </strong></span> 
     </span>
    </p>
   </div>
  </div>
 </body>
</html>
