3150 4892
283 380 348 446 780
643 381 676 453 d.
700 393 858 441 nonsrn
885 393 1015 441 rnnoor

202 536 206 545 “
284 537 497 622 compilasse
513 543 626 620 putes,
641 537 778 600 verbum
793 553 861 600 non
874 535 1020 619 amplius
1036 535 1168 600 addara.

282 686 403 751 adiiciam,
412 703 441 737 sc
451 685 576 750 moueris
584 702 621 736 ure
631 685 774 751 suffuratum
785 699 834 735 esse
843 684 1020 735 commentarios
1030 683 1137 748 Crispini
1146 684 1226 772 Lippi⁷

283 913 344 951 nuru
357 903 456 958 tangat.
489 895 576 948 Quid?
594 909 625 945 uu
635 909 755 957 ruagnurn
768 893 870 959 putavit
886 893 996 942 Flaccus
1008 905 1083 956 posue
1095 907 1110 941 a
1122 907 1148 942 se
1160 888 1231 956 bppo
1242 893 1377 956 compilari

283 962 378 1011 scrinia
388 960 520 1022 Crispini?
554 960 588 1008 Ni
605 960 653 1008 boe
669 967 755 1008 tarncn
774 965 843 1008 esset
861 957 957 1006 dictum
971 957 1004 1007 ob
1017 957 1139 1014 Horatio,
1149 957 1297 1006 et'stolidns
1307 965 1378 1007 essct

283 1025 474 1073 ctinburnauns
492 1023 515 1073 si
537 1023 725 1072 tnsscnueium
744 1022 828 1073 andis.
862 1020 966 1072 Assidni
982 1028 1116 1084 potatores
1138 1021 1235 1082 rnigsri
1259 1021 1378 1070 convicio

282 1087 341 1153 lippi
362 1087 518 1137 audiebant:
543 1095 623 1149 atque
640 1087 728 1135 borum
746 1086 775 1135 in‘
791 1098 895 1134 numero
911 1091 969 1134 erat
988 1083 1200 1148 Philosopbaster
1225 1081 1380 1154 Crispinus?

283 1149 441 1216 Bran-121
460 1151 597 1214 domum
606 1151 691 1200 codex
701 1148 864 1201 Borsmunui.

775 1261 883 1313 Nomi

283 1356 348 1421 pbus
365 1354 440 1404 vaide
455 1356 550 1418 ioqusx
569 1354 650 1405 fnisse
668 1355 772 1421 dicitur,
782 1361 812 1406 et
883 1355 966 1422 lippe]
987 1355 1037 1405 Vei
1047 1355 1095 1405 hoc
1105 1363 1163 1405 erat
1174 1367 1326 1418 cognomen,
1338 1353 1380 1404 rei

283 1431 400 1483 versibus
416 1433 504 1481 inuitis
521 1441 548 1482 et
564 1430 702 1483 inconditis
714 1433 811 1482 doctri·
850 1429 933 1482 obuiis
952 1445 1043 1482 revers
1063 1429 1231 1494 lippientibus
1247 1430 1292 1478 iiie
1311 1436 1378 1480 erat.

281 1522 342 1558 nsrn
360 1507 474 1557 Stoicam
491 1508 649 1570 complexus.
681 1508 752 1558 Hinc
773 1509 811 1557 ie·
851 1505 972 1558 Absurde
990 1511 1064 1556 retus
1080 1505 1213 1569 interpres
1231 1499 1380 1568 Crispinum

283 1583 345 1647 pide
358 1583 456 1633 Noster
467 1597 513 1646 per
521 1584 595 1647 bujua
604 1581 729 1648 aretalogi
740 1598 811 1633 men·
851 1584 890 1632 ita
901 1582 986 1657 noceri
997 1581 1089 1631 scribit
1108 1583 1176 1630 ‘non
1194 1582 1325 1629 oculorum
1337 1594 1380 1629 ra-

284 1659 379 1707 tioueru
390 1657 480 1707 Stoica
489 1657 610 1721 dogmate
621 1659 755 1710 venditare
766 1659 813 1710 de·
850 1657 931 1718 tione,
944 1656 989 1707 red
1000 1656 1112 1716 meutia3
1130 1654 1198 1720 quod
1210 1654 1290 1704 fuerit
1301 1655 1380 1703 insui·

284 1733 354 1785 sinit.
851 1731 998 1794 srupoiita!
1028 1730 1107 1780 'l'sles
1123 1729 1379 1793 argutioiusnonrc-

316 1804 424 1867 Scrinia]
449 1805 554 1871 Scripta
565 1807 591 1858 in
603 1808 707 1872 arcolis,
716 1809 814 1873 capsis,
850 1813 928 1858 natur
944 1807 1060 1859 sublimis
1074 1807 1179 1872 spiritus
1193 1813 1276 1862 rates,
1296 1805 1380 1870 qiraiir

284 1880 502 1933 seriniisinciusa.
851 1883 987 1934 Horatius.

705 2075 885 2142 SATlRA
908 2077 957 2140 11.

709 2211 749 2258 tn
777 2209 947 2272 nonnos.

283 2311 410 2364 Homines
430 2313 504 2364 stulti
524 2319 554 2362 at
569 2312 726 2375 impotentes
741 2312 963 2374 perstringuntur,
979 2309 1024 2375 qui
1039 2309 1125 2360 media
1143 2310 1183 2360 ris
1199 2309 1320 2360 incedere
1337 2323 1381 2358 rre-

315 2393 410 2455 sciunt,
426 2394 483 2456 sed,
499 2393 559 2442 dum
577 2392 667 2441 vitium
683 2391 796 2441 aiterum
811 2391 906 2452 ritant,
921 2390 948 2440 in
965 2390 1075 2440 aiterum
1086 2391 1241 2442 contrarium
1252 2390 1382 2440 incidunt·

316 2472 360 2521 Sic
370 2472 504 2536 Tigellius,
513 2487 578 2537 erge
587 2472 770 2521 homunciones
786 2471 884 2521 alienos
900 2478 928 2520 et
944 2471 1060 2534 perditus
1076 2470 1275 2531 liberalissimus,
1290 2477 1381 2520 contra

316 2565 376 2600 anos
387 2560 475 2601 autern
486 2554 577 2615 inopes
592 2551 771 2601 tenacissimus
785 2557 853 2600 crst.
885 2549 1000 2601 Fufidius
1018 2551 1101 2614 dives,
1119 2558 1148 2600 ut
1158 2550 1291 2600 iniamianr
1303 2551 1383 2600 arbir-

318 2631 383 2680 ionis
391 2631 484 2694 fngiat,
495 2630 705 2680 franca-insanum
712 2631 795 2694 exigit
802 2629 835 2680 ab
844 2630 1062 2695 adolescentibus,
1073 2639 1100 2680 et
1108 2631 1133 2680 in
1142 2645 1170 2680 sc
1183 2631 1264 2695 ipsunr
1273 2631 1381 2681 durissi-

316 2719 373 2757 mus
389 2710 489 2759 existit.
524 2709 665 2758 Maitbiuus
676 2710 791 2759 molliter
801 2709 943 2760 discinctos
958 2711 1065 2772 incedit,
1082 2711 1146 2760 alius
1165 2718 1288 2775 tunquam
1300 2711 1380 2774 cxpe-

316 2785 387 2837 ditus
403 2795 432 2838 et
448 2788 590 2838 lsborioana
607 2789 695 2851 prodit
711 2781 807 2838 tunicis
824 2789 856 2838 ad
874 2791 969 2852 inguen
987 2805 1068 2854 usque
1086 2789 1229 2840 subductis.
1262 2789 1315 2839 Hic
1326 2790 1381 2839 oiet

315 2862 418 2930 odores,
428 2867 472 2915 iiie
481 2866 588 2918 bircum.
612 2863 684 2917 Alius
696 2874 806 2917 cenatur
816 2875 955 2933 matronas,
968 2871 1094 2920 aliusnon
1106 2871 1154 2920 uiri
1165 2869 1315 2921 meretrices
1327 2885 1381 2921 see·

317 2951 396 2994 tatur.
430 2946 599 3010 Cupiennius,
610 2947 653 3009 qui
669 2961 694 2995 v.
711 2961 736 2996 c.
747 2960 797 2996 non
810 2948 859 2999 uiri
871 2957 999 2998 rnutronas
1011 2929 1128 3012 miraiur,
1139 2964 1192 2999 rem
1205 2949 1314 3014 perienii
1325 2951 1381 3014 pic·

317 3039 375 3073 saar
393 3025 561 3089 aggreditur:
579 3027 727 3090 Sallustius,
746 3028 789 3092 qui
808 3027 910 3080 modurn
928 3029 1033 3078 excedit
1049 3031 1075 3078 iu
1092 3042 1180 3079 amore
1196 3029 1381 3086 libertinarum,

316 3118 372 3153 rem
393 3103 545 3155 familiarum
562 3105 648 3169 perdit
669 3105 806 3156 eisarnam
823 3106 925 3181 bonam.
959 3109 1017 3158 Etsi
1038 3122 1100 3158 uero
1116 3116 1227 3174 uterque
1248 3123 1321 3158 umor
1339 3117 1381 3159 cat

316 3183 425 3245 noainr;
439 3184 468 3242 id
487 3191 573 3234 tamen
591 3186 746 3235 discriminis
762 3187 881 3251 interest,
898 3196 927 3238 ut
944 3203 976 3237 ex
994 3183 1117 3240 matronis
1132 3188 1189 3252 pins
1208 3188 1303 3240 laboris
1319 3189 1381 3238 ruaii

315 3263 457 3326 hauriatur,
469 3277 544 3328 quarn
560 3278 593 3312 cx
603 3279 633 3314 re
644 3265 802 3337 decerpatur
815 3265 934 3330 fruetus,
952 3282 992 3318 rer
1005 3275 1097 3319 contra
1109 3269 1206 3319 rectiur
1215 3267 1342 3332 procedat
1353 3267 1381 3320 iu

317 3343 421 3406 togatis.

283 3436 578 3506 Annuusrsnuu
593 3442 749 3525 collegia,
763 3442 1052 3526 pharmacopolae,
1142 3520 1148 3533 ι

318 3585 479 3635 numm
489 3591 571 3651 mo,
585 3587 780 3653 pennam,
789 3589 878 3652 mma,
888 3589 1038 3649 annuum
1053 3605 1132 3641 mna
1141 3593 1185 3640 ou
1200 3591 1305 3641 mue·
1322 3595 1380 3639 suns

301 3791 369 3866 ,Sat
383 3806 449 3867 nonu
460 3799 488 3868 et
497 3792 589 3869 uitinrr
601 3795 671 3844 Libri
683 3795 758 3857 primi
770 3797 797 3844 in
805 3797 847 3846 ed.
858 3797 952 3846 Sansd.
967 3799 1052 3848 Tirsaro
1062 3798 1131 3860 inus
1141 3797 1236 3863 &bra
1246 3804 1297 3848 est:
1314 3799 1380 3848 Deus

281 3858 439 3904 minutatum
458 3862 527 3915 mtto,
539 3857 564 3906 in
580 3859 701 3908 cornuria
716 3865 831 3909 emunt:
849 3861 884 3910 ita
903 3871 978 3910 retus
992 3863 1187 3912 commentator
1203 3877 1244 3922 up.
1259 3863 1379 3912 Torrent.

282 3916 342 3965 Vid.
353 3931 391 3967 vr.
400 3923 490 3969 tun-1
508 3920 690 3970 Amdsdeiorurr
700 3922 726 3971 iu
736 3923 889 3988 quibusdam
905 3929 1019 3975 vett—2
1036 3925 1109 3976 Unus
1122 3927 1190 3975 Han.
1201 3925 1379 3975 buretrum.-

777 4035 884 4086 NOTAE

315 4128 328 4173 1
347 4122 542 4184 Ambubaiarum]
559 4125 611 4178 ini.
625 4127 720 4190 Scaiig.
732 4129 809 4181 Poiit.
850 4132 943 4196 inquit,
959 4131 1009 4182 ‘de
1030 4132 1134 4182 moecbis
1157 4131 1277 4195 exempla
1296 4145 1379 4196 nsqrrc

284 4211 323 4248 rr.
332 4201 358 4250 1.
377 4196 410 4249 de
429 4198 478 4250 bac
498 4198 601 4250 Satira:
618 4201 811 4264 ‘hseenudal
851 4207 884 4256 ad
903 4204 1055 4258 fastidium!
1087 4208 1170 4257 Sane:
1188 4214 1215 4257 et
1231 4207 1273 4256 bio
1285 4219 1378 4270 scopus
