3150 4892
646 372 679 430 Q.
703 367 862 415 uoutrtr
887 364 1021 449 motii

459 513 670 596 Sanguinem,
684 530 744 594 per
759 528 844 593 quoe
858 508 1009 573 cecidero
1018 506 1115 590 justa

461 614 572 681 Morte
585 612 756 690 Centauri,
771 609 895 675 cecidit
909 608 1090 673 tremendae
1341 610 1386 673 15

707 712 866 778 Plomma
880 710 1075 789 chimaerae3
1215 716 1218 725 '

464 816 555 892 Sive,
568 835 654 899 quoe
668 812 753 879 Elea
765 815 904 880 domum
917 810 1046 876 reducit

459 916 580 981 Palma
594 916 759 993 coeiestcs,
775 915 967 998 pugilemve
981 930 1144 995 equumve

460 1017 565 1095 Dicit,
579 1024 614 1081 et
628 1024 759 1082 centurn
772 1018 905 1099 potiore
921 1014 1026 1097 signis

720 1116 862 1179 Munere
877 1114 999 1194 donet3

461 1219 585 1284 Flebili
599 1236 733 1300 sponsae
741 1216 943 1300 juvenemne
955 1218 1087 1296 ruptum

462 1318 599 1400 Plorut3
621 1324 654 1383 et
668 1317 757 1384 vires
772 1316 983 1399 animumque
997 1332 1125 1378 mores-

288 1542 421 1607 naafilioe,
432 1559 448 1591 n
457 1543 540 1605 quibua
550 1537 665 1593 Ceatnari
674 1543 783 1605 kgitiara
793 1544 855 1591 cede
862 1541 977 1605 preatrnti
987 1546 1052 1605 caat,
1063 1547 1134 1603 utque
1144 1542 1264 1590 extinctu
1274 1546 1309 1589 eet
1321 1538 1388 1601 ignia

291 1608 419 1654 Ciiaaoeroe
429 1607 568 1666 loneadm
583 1608 633 1655 aive
643 1608 724 1655 uacet
735 1620 774 1655 eoa
783 1607 825 1668 pai
836 1608 928 1655 domem
938 1607 1036 1654 redeant
1048 1606 1106 1653 Eleo
1116 1604 1217 1653 victorin
1227 1604 1337 1665 gloriati,
1347 1618 1388 1651 ca·

290 1670 371 1730 aitqae
382 1672 419 1718 eei
433 1670 537 1732 pugilem
553 1671 590 1719 oei
606 1670 717 1732 equdem,
727 1676 751 1717 et
762 1670 848 1718 derum
859 1670 894 1718 et'e
912 1670 997 1717 tribuit
1006 1668 1156 1717 autumas
1166 1669 1255 1717 dalaia
1264 1669 1388 1723 dateaiu

288 1732 341 1780 aiee
351 1732 421 1795 deflet
432 1735 598 1783 adoloereatem
607 1738 681 1782 aaorte
690 1734 795 1782 abimum
805 1739 885 1796 auptoe
893 1738 992 1794 meta,
999 1732 1110 1795 illiusque
1119 1732 1230 1781 uirtutem
1240 1732 1389 1793 animmque

750 1906 931 1931 ”eunucu

292 2041 374 2092 Kidd.
384 2058 496 2104 regenne:
514 2051 555 2094 eet
565 2042 725 2105 distributio,
737 2051 767 2093 ut
779 2057 817 2095 ra.
828 2048 868 2094 te.
884 2048 951 2093 cenet
962 2042 1033 2107 Lipr.
1040 2045 1065 2092 4.
1076 2050 1103 2091 et
1116 2042 1189 2091 Deae.
1198 2044 1287 2091 2-18
1299 2040 1389 2089 ‘Male

292 2114 353 2169 poet
369 2109 474 2156 colenter
484 2108 558 2157 colcu
570 2118 669 2172 ponunt
679 2108 739 2157 edd.
752 2110 819 2171 vulg.
833 2116 956 2171 tanquam
967 2122 1034 2156 nova
1049 2108 1180 2155 sententia
1197 2106 1240 2168 eit¹
1257 2106 1390 2168 pugilemve

291 2183 404 2231 equumve
414 2170 482 2221 dicit.
517 2172 625 2221 Rectius
636 2173 723 2222 ilenti.
738 2172 849 2236 Coning.
865 2180 893 2221 et
904 2172 998 2221 Seuad.
1008 2171 1048 2219 uti
1060 2170 1125 2220 uos?
1139 2170 1207 2218 Jnri.
1239 2170 1390 2231 pagiuam

292 2233 364 2295 [ipe.
376 2238 400 2283 t.
420 2236 523 2286 Venett.
542 2236 651 2285 Imber.
669 2245 698 2285 et
718 2237 892 2285 Arcano-19
911 2236 984 2284 Dicet
1006 2234 1075 2296 lips.
1091 2239 1115 2283 t.
1141 2234 1217 2283 Dicat
1236 2236 1312 2283 Deae.
1331 2237 1391 2280 2.-

291 2300 323 2344 2ι
337 2297 580 2358 ΠιιιιιΒοηιιιιιιιιὶ,
593 2301 663 2361 upa.
672 2304 698 2349 2.
715 2300 791 2349 Deae.
802 2304 826 2349 2.
845 2298 956 2349 Holmat.
965 2306 992 2347 et
1002 2300 1076 2347 Harl.
1085 2302 1110 2347 2.
1121 2302 1145 2346 e.
1156 2299 1182 2346 4.
1192 2298 1390 2360 Jamque.—

292 2362 325 2409 22
334 2360 403 2425 Lipa.
412 2366 438 2414 4.
449 2364 591 2416 mmm,
609 2364 682 2414 Uana
688 2364 850 2427 Beraruanni,
859 2371 887 2414 et
896 2364 968 2427 Lipa.
979 2366 1003 2413 4.
1015 2367 1039 2413 4.
1050 2375 1136 2425 meree,
1146 2362 1240 2412 orniam
1251 2376 1304 2425 pac.
1321 2357 1389 2410 Vide

788 2515 895 2567 NOTAE

188 2694 195 2706 ι
292 2671 344 2713 tur.
369 2661 418 2710 Vel
429 2660 548 2724 deeignat
558 2660 644 2712 Petita
653 2667 743 2712 noeter
754 2660 822 2711 Her·
860 2672 949 2710 corum
958 2658 1105 2711 celebriter.
1122 2656 1191 2709 Vide
1202 2670 1222 2709 ι.
1232 2656 1284 2711 04.
1294 2662 1350 2709 ta.
1362 2666 1391 2709 et

247 2746 252 2749 ·
293 2738 376 2787 eulent
397 2735 480 2797 Jovia,
500 2743 530 2787 et
554 2737 683 2787 'l’lreaenm
704 2737 822 2801 Neptuni
861 2749 916 2799 neq.
927 2735 992 2785 Not.

292 2812 369 2868 filine,
380 2811 442 2859 item
458 2810 602 2861 Pirithoum
614 2813 728 2863 aliarte
743 2826 823 2875 genua
894 2812 926 2858 18
944 2807 1065 2872 Coebuea]
1083 2806 1135 2857 04.
1142 2821 1162 2855 ι.
1173 2808 1333 2872 ‘Palmaque
1344 2822 1391 2858 no·

293 2887 455 2936 trahentem:
472 2888 541 2949 ‘per
557 2899 621 2949 quoa
637 2887 762 2938 centauri
778 2901 823 2939 ce·
861 2884 1063 2937 bilia...erehit
1074 2883 1106 2934 ad
1116 2882 1205 2933 Deou'
1228 2883 1392 2935 Gloriaaub·

293 2959 398 3013 cidere?
423 2960 491 3010 Vide
509 2974 530 3010 ι.
549 2960 602 3011 04.
620 2965 660 3011 tu.
678 2975 722 3012 ιιι.
732 2962 786 3011 04.
798 2967 825 3013 4.
860 2961 935 3011 lintea
956 2960 1031 3025 qnasi
1053 2960 1146 3011 coelum
1166 2960 1288 3025 Deoaqaa
1311 2960 1391 3011 attin·

293 3036 334 3086 De
347 3034 476 3085 Chimaera
493 3046 541 3098 per
559 3032 788 3098 Bellerophontem
808 3051 823 3085 a
861 3044 937 3101 gunt.

293 3112 419 3175 Neptuno
433 3110 550 3174 adjutum
570 3110 667 3173 deleta,
677 3126 698 3163 ι.
709 3111 763 3163 04.
781 3116 823 3163 27.
898 3113 1029 3178 liquatum]
1041 3113 1127 3177 Ειιιιιιι
1136 3113 1254 3179 ipae,qui
1262 3113 1392 3165 velociore

293 3184 424 3233 Pindarus
434 3191 522 3235 antem
534 3185 639 3250 olymp.
652 3186 705 3237 04.
717 3202 782 3238 xru.
862 3202 939 3240 curan
956 3203 987 3240 ac
1012 3188 1167 3253 pernicitate
1186 3202 1234 3238 aua
1255 3188 1391 3239 victoriana

327 3262 358 3307 lt
375 3258 432 3309 Siue
453 3273 510 3323 paea
537 3260 606 3323 Elea,
628 3262 682 3325 iro]
711 3262 822 3315 Quande
863 3270 1011 3329 pepererat,
1030 3263 1202 3314 coronabatur
1224 3264 1312 3325 etiam,
1331 3276 1392 3313 nec·

293 3334 382 3393 iaudat
392 3334 504 3385 victores
516 3336 543 3385 in
555 3337 741 3388 certaminibus
752 3337 822 3402 apud
862 3353 913 3389 non
931 3339 1043 3389 carmine
1062 3338 1161 3402 pariter
1179 3345 1209 3388 nt
1228 3352 1307 3404 equer
1324 3340 1392 3389 cele·

293 3412 395 3461 Elidem
417 3410 589 3475 Peloponneai
612 3412 754 3477 regionem,
775 3428 823 3464 aen
860 3414 930 3463 brari
952 3418 1130 3465 consueverat.
1154 3413 1260 3463 Pindar·
1282 3414 1390 3479 Olymp.

292 3486 410 3551 pugilatu
416 3503 425 3547 3
447 3485 555 3535 Pindar.
572 3487 679 3551 olymp.
702 3488 754 3540 04.
771 3502 823 3539 rra.
862 3489 914 3539 Od.
927 3502 947 3539 ι.
959 3487 1038 3552 Pytb.
1052 3487 1104 3537 Od.
1117 3501 1163 3539 ιιι.

294 3570 321 3611 x.
333 3573 374 3611 ιι.
383 3574 429 3610 eeu
441 3575 566 3625 equorum
583 3577 670 3625 curan,
688 3562 752 3613 ibid.
769 3564 822 3614 04.
895 3567 928 3613 tn
943 3563 1042 3613 Patiore
1052 3560 1142 3625 ιίςιιίι]
1152 3562 1220 3612 Vide
1228 3568 1327 3627 portet,
1338 3561 1391 3613 04.

292 3650 313 3687 1.
324 3643 353 3687 et
362 3635 426 3685 aiibi
437 3637 524 3687 multia
534 3637 606 3686 ioeia.
623 3637 823 3701 Virgiltleorp.
862 3653 925 3689 vru.
938 3639 1014 3703 bnjua
1025 3637 1094 3689 libri.

294 3714 364 3761 utu
380 3710 518 3761 ‘Eliadum
528 3710 733 3775 palmaa’mittit
744 3713 823 3777 ‘Epi-
893 3719 924 3764 21
946 3715 1031 3765 Flebili
1043 3728 1134 3777 rpem
1143 3712 1281 3774 jacerem
1296 3721 1392 3780 raptu

294 3785 491 3849 maeqwnm’
517 3784 669 3848 (ienuam.
683 3789 741 3835 202.
758 3786 821 3837 ‘Ad
862 3789 958 3855 Plorat]
975 3792 1028 3841 Seu
1046 3805 1105 3841 enm
1125 3784 1205 3840 attuit
1223 3796 1250 3842 et
1261 3794 1393 3856 componit

296 3860 354 3909 illel
364 3866 446 3911 metat
456 3869 484 3911 et
495 3861 606 3911 murima
617 3861 702 3924 campi
711 3861 822 3912 sudabit
861 3866 1029 3931 Epitaphium
1046 3866 1134 3930 apomi
1150 3872 1234 3915 morte
1251 3874 1392 3931 praematu-

294 3935 388 3997 spatia,
399 3940 538 3997 ettpumae
549 3942 609 4000 aget
625 3948 670 3984 ore
682 3936 822 3987 cruentae-¹
862 3956 892 3993 re
911 3944 1031 4006 extincti,
1048 3956 1202 4006 sponteque
1225 3941 1324 3993 luctum
1348 3943 1393 3995 de·

295 4008 351 4058 iiiia
361 4015 388 4058 et
400 4008 537 4073 Piscenae
552 4017 581 4059 et
597 4010 729 4075 Olympia.
746 4010 822 4062 orbec
860 4016 962 4067 aeribit.

294 4091 356 4136 eant
373 4085 456 4135 Elidia
475 4088 604 4151 regiooiez
621 4088 717 4139 ibidem
733 4088 822 4141 fanum
893 4096 925 4143 22
944 4094 1025 4143 Merca
1042 4094 1137 4158 career]
1155 4092 1257 4153 cettei,
1279 4102 1394 4162 canetur,

293 4160 505 4227 Joviaolynrpii,
522 4163 686 4215 eliodorum
702 4164 823 4230 Olympi·
862 4168 991 4234 antiquos,
1003 4170 1092 4234 quaim
1103 4175 1184 4221 aetate
1194 4182 1283 4220 aurea.
1312 4218 1313 4221 ,
