3150 4892
255 295 321 360 tto
613 299 656 371 o.
678 309 837 358 noesrrr
862 308 994 358 rusum

256 454 433 518 Communi
444 471 542 517 sensu
554 451 658 534 plene
672 461 778 529 curet,
792 451 973 535 inquimus.
1016 451 1112 519 Eheu

255 554 368 633 Quam
386 562 507 618 temere
520 553 557 616 in
570 559 702 618 nosmet
713 554 821 634 legem
836 553 1005 618 sancimus
1019 555 1165 637 iniquam
1179 555 1186 618 l

256 656 349 722 Num
362 655 455 720 vitiis
470 675 568 719 nemo
583 656 657 719 sine
670 655 845 719 nuscitur:
869 655 1016 737 optimus
1031 655 1088 720 ille
1104 663 1166 733 est,

257 756 326 836 Qui
341 757 488 822 minimis
502 763 647 839 urgetur.
690 755 832 820 Amicus
846 755 968 833 duleis,
983 765 1022 822 ut
1037 777 1171 841 sequum
1187 768 1252 839 est,
1344 777 1346 782 ·

255 859 341 924 Com
356 878 431 922 mea
446 866 642 940 compenset
656 858 749 923 vitiis
762 857 866 934 bone,
881 858 1033 940 pluribus
1048 859 1143 924 hisce
1279 885 1282 892 ·
1311 862 1355 928 to

253 960 308 1046 (Si
324 959 425 1023 modo
440 959 537 1041 plura
550 958 631 1022 mibi
645 960 736 1024 bona
749 955 843 1041 sunt)
857 959 1006 1027 inclinet:
1029 963 1133 1028 amari
1165 943 1173 956 ’

255 1052 294 1127 Si
309 1062 401 1125 volet
415 1061 478 1124 bec
493 1061 579 1142 lege,
593 1061 628 1124 io
642 1059 769 1124 trutina
782 1067 928 1141 ponetur
943 1060 1074 1126 endem.

255 1163 338 1242 Qui,
354 1181 394 1226 ne
408 1161 581 1226 tuberibus
595 1160 740 1244 propriis
754 1159 901 1225 offendet
915 1163 1062 1226 amicum

254 1264 423 1341 Postulat,
439 1264 592 1346 ignoscet
606 1263 756 1328 verrucis
771 1261 887 1328 illius:
910 1282 1044 1346 aequum
1059 1270 1121 1342 est,

255 1366 415 1431 Peccatis
430 1366 560 1430 venium
574 1371 768 1448 poscentem
784 1362 921 1428 reddero
936 1384 1063 1429 rursus.

254 1467 421 1550 Denique,
437 1473 600 1549 quatenus
616 1464 729 1529 excidi
744 1466 880 1548 penitus
896 1465 1012 1529 vitium
1027 1468 1099 1543 irae,

254 1570 378 1634 Cetera
392 1569 472 1632 item
487 1574 654 1650 nequeunt
669 1567 783 1631 stultis
796 1566 975 1647 beerentin3
998 1586 1058 1632 our
1070 1588 1139 1632 ιιοιι

253 1669 465 1735 Ponderibus
480 1669 692 1752 modulisque
706 1668 778 1732 suis
792 1667 881 1732 ratio
896 1669 1023 1732 utituri
1046 1688 1097 1746 uc,
1113 1689 1168 1733 res

252 1858 388 1908 demiratus.
420 1857 489 1906 Eleu
497 1872 566 1920 ouem
576 1853 690 1918 iniustum
703 1855 860 1904 conditionem
871 1855 938 1904 stolis
948 1857 1074 1906 statuimus
1085 1855 1264 1920 imprudenter!
1279 1859 1356 1906 nullm

252 1923 316 1971 esim
325 1923 376 1970 sire
386 1921 456 1970 uitiis
466 1922 588 1970 saritur.-
604 1926 673 1984 utque
683 1921 715 1980 is,
725 1921 767 1983 qui
777 1918 903 1968 leuioribus
916 1921 1042 1982 premitur.
1051 1922 1236 1984 perfectissimus
1246 1921 1356 1972 iubetur.

253 1985 379 2047 er'grus
390 1985 488 2046 emur,
499 1991 526 2034 ut
541 2000 586 2048 per
597 1990 643 2045 est,
653 1999 718 2032 mess
733 1985 836 2032 uirtutes
851 1999 903 2032 cum
918 1984 987 2032 ciliis
997 2000 1142 2048 eompuruns,
1151 1985 1175 2035 s'rr
1186 1987 1241 2034 illos
1252 1986 1350 2046 majores

253 2049 393 2114 (siquidem
404 2049 502 2109 majores
513 2049 584 2098 buteo
594 2049 695 2098 virtutes
706 2062 776 2111 quom
786 2044 861 2111 citio)
878 2051 1030 2112 propendeat,
1041 2049 1145 2112 sirlils'gr'
1155 2051 1249 2112 cupiet:
1263 2065 1291 2098 ue
1300 2051 1355 2114 puri

252 2115 385 2162 montore
401 2113 427 2161 tn
446 2114 525 2162 eodem
541 2113 603 2162 libro
618 2111 797 2176 pouoembitur.
831 2111 944 2176 Quisquis
961 2113 1022 2175 petit
1036 2113 1137 2163 misum
1152 2129 1197 2163 trost
1209 2115 1294 2163 ledere
1304 2115 1355 2162 suis

252 2177 381 2238 tuberibus,
395 2183 479 2240 parcet
490 2177 540 2238 <ius
550 2177 664 2226 mmsis.
697 2177 797 2225 «ludum
807 2180 844 2224 est
858 2181 887 2225 ut
901 2177 943 2240 put
957 2179 1060 2239 postulet
1072 2179 1244 2239 indulgentium
1252 2179 1303 2226 suis
1313 2179 1354 2227 de·

251 2243 326 2304 lictis,
338 2245 359 2290 is
368 2257 449 2304 potem
460 2241 558 2300 uteret.
592 2241 701 2304 Denique
711 2241 821 2303 mestum
831 2238 924 2290 omst'm
940 2243 1041 2291 resecari
1050 2242 1134 2292 uitium
1145 2242 1285 2298 irremote,
1295 2242 1355 2291 utio-

252 2321 296 2372 que
306 2307 389 2356 stultis
399 2306 539 2356 interestis
550 2305 646 2355 minime
655 2311 753 2370 possunt
759 2320 770 2362 ,·
780 2319 855 2370 quere
864 2319 912 2354 sos
922 2305 984 2354 tutio
996 2306 1089 2356 utlibet
1101 2322 1198 2356 amnes
1209 2306 1355 2368 etjurlieirrm

703 2445 888 2470 comeum&

253 2556 338 2599 sotem
349 2564 382 2598 ex
393 2551 443 2599 boc
454 2551 542 2601 Flsoci
555 2551 611 2599 loeo
622 2549 768 2598 deenmtum
780 2561 840 2596 esse
852 2546 990 2598 uidentur!
1002 2549 1085 2598 Beati.
1110 2549 1205 2598 venet.
1218 2560 1259 2610 up.
1271 2546 1354 2596 Zeno.

250 2613 303 2662 ses
314 2620 332 2662 t.
343 2613 468 2676 impellam.
480 2614 555 2662 Heri.
564 2618 589 2662 2·
597 2617 621 2662 7.
631 2614 822 2662 modestum-it
833 2613 841 2641 ⁴
852 2611 987 2661 Editiones
997 2613 1075 2662 eredo
1086 2626 1174 2661 omnes
1188 2619 1245 2674 post
1258 2610 1352 2660 sturm

251 2678 424 2726 exbibuerunt
433 2678 549 2738 ignoscet.
583 2676 619 2725 At
632 2677 787 2726 vetustiores
807 2677 916 2725 Venetae
933 2676 990 2724 duur
1003 2691 1060 2725 rum
1079 2675 1353 2736 merberinnsstgsos·

249 2748 287 2791 cet
295 2757 305 2797 ,·
320 2743 389 2805 quod
401 2741 562 2790 Pulmsnnus
578 2741 605 2787 in
623 2741 676 2788 suis
695 2738 822 2794 omnibns.
834 2740 1010 2789 Bersrnsnnus
1021 2741 1047 2788 in
1057 2741 1157 2789 dnobus
1169 2740 1275 2803 reperit.
1304 2739 1353 2788 Ce-

250 2806 301 2855 teri
312 2813 412 2855 meent.
447 2806 483 2853 At
491 2819 567 2868 quum
580 2804 648 2852 bons
659 2802 719 2862 ride,
729 2817 763 2852 ex
774 2805 839 2853 meis
848 2817 950 2868 qnoque
961 2803 1062 2854 discere
1074 2814 1164 2868 potes3
1182 2817 1291 2866 qtrorom
1303 2817 1354 2852 ne·

249 2869 301 2916 lior
311 2870 444 2932 msjorque
455 2883 517 2930 pure
525 2869 633 2929 ignescet
643 2868 714 2917 elsre
724 2867 877 2931 prefuerunt.
911 2869 998 2932 Atque
1010 2867 1037 2918 id
1050 2869 1133 2918 sltero
1144 2869 1265 2918 lenisset
1277 2867 1355 2916 urbs·

250 2933 315 2981 nius.
348 2933 432 2981 Civile
450 2933 518 2981 euim
538 2933 619 2993 meeis
637 2939 688 2990 est,
704 2933 810 2981 Futnris
824 2945 899 2996 quum
918 2933 1084 2994 Iniprrstiris
1103 2933 1257 2996 precipere,
1276 2931 1353 2994 idque

250 2996 364 3048 Horatio
375 2998 497 3046 solenne:
514 3003 545 3046 ut
556 3009 576 3048 1.
587 2997 672 3061 Epist.
684 3000 723 3046 ts.
738 2999 779 3047 st.
797 2995 856 3046 Art·
869 2997 946 3048 Polit.
959 2996 1024 3046 tet?
1043 2997 1193 3046 temet-m
1209 2995 1276 3046 Edu.
1288 3001 1353 3044 vett.

742 3141 852 3194 norm
902 3113 905 3120 ’

281 3241 315 3287 68
336 3237 410 3287 Votis
425 3252 495 3288 stesso
510 3239 563 3289 situs
582 3239 702 3303 mitur]
728 3239 783 3288 De·
854 3242 886 3288 ts
899 3239 1019 3302 Verrues's]
1028 3237 1174 3288 Minoribus
1185 3236 1354 3286 ritiim‘Ver·

250 3315 377 3364 mortbert.
388 3314 422 3364 de
433 3315 552 3365 Coronos
573 3313 655 3374 stiriis
670 3314 783 3378 ἁμαρτεῖν
822 3317 903 3378 rues,'
915 3319 1056 3368 osrunouls
1067 3319 1172 3368 sellom.
1183 3316 1252 3366 Gull.
1260 3329 1292 3364 ιιιι
1301 3317 1355 3380 pri·

248 3389 301 3440 teri
311 3393 384 3440 treis:
403 3391 474 3442 Nlbll
484 3406 594 3456 pecesrs
605 3395 720 3443 Deorum
731 3400 781 3443 est.
821 3395 886 3444 renui
903 3393 987 3457 Agell.
997 3407 1040 3444 ιιι.
1051 3399 1076 3444 7.
1086 3396 1093 3422 ‘
1104 3393 1148 3442 lre
1154 3392 1248 3456 jubens
1256 3391 1352 3442 milites

248 3465 372 3530 Propert.
394 3467 561 3531 ‘Unicuique
588 3466 664 3518 dedit
689 3466 779 3517 sitium
821 3467 853 3518 sd
864 3481 997 3519 retroeunt
1009 3468 1146 3519 illsmnio
1158 3467 1228 3518 enim
1238 3467 1351 3518 mcum

248 3551 340 3592 nutnrs
359 3543 464 3592 cresto)
496 3542 559 3592 Huc
578 3545 693 3606 pertinet
710 3544 779 3609 quoti
820 3546 905 3596 locum
924 3545 1022 3594 editum
1042 3542 1186 3608 sppellst;'
1203 3555 1296 3605 nempe
1316 3542 1351 3592 ob

250 3618 286 3667 uit
302 3618 437 3668 Juvenslis
452 3619 509 3669 Set.
522 3634 583 3669 xrs.
600 3621 713 3670 ‘Mitem
725 3619 779 3670 sni·
819 3622 1022 3672 similitudinem.

247 3707 317 3742 mom
344 3703 372 3742 et
399 3709 485 3744 mores
511 3693 619 3743 modieis
646 3695 779 3745 erroribus
851 3701 884 3745 tit
902 3696 1047 3746 Ponderibus
1067 3693 1212 3757 modulisque
1228 3695 1289 3759 suis]
1308 3695 1351 3745 ltu

247 3777 334 3832 equos
345 3770 490 3834 Ptreeipit’
818 3772 973 3835 exprimitur
991 3770 1097 3834 egregie
1120 3770 1196 3818 snirnl
1223 3785 1283 3833 pers
1305 3786 1351 3822 seu

279 3847 311 3892 ts
332 3844 469 3908 mesu]
487 3847 566 3897 vitiis
583 3848 660 3910 penio
675 3847 777 3910 meiori·
817 3845 928 3896 fserrltss
950 3844 1104 3894 mstimutrix
1131 3858 1227 3906 rerunt,
1246 3860 1297 3910 qus
1318 3848 1351 3896 de

246 3919 304 3968 bru.
323 3920 524 3979 ιΤιιΙιιιξῦιΙΙ.
536 3921 664 3971 misere.
683 3923 778 3971 Potest
818 3922 923 3982 siugulis
936 3921 1048 3984 judicet,
1066 3928 1096 3969 et
1109 3921 1230 3983 expensis
1247 3922 1305 3971 birro
1322 3931 1350 3973 et

246 3997 325 4044 etism
334 3994 427 4044 reterri
438 3998 488 4045 bue
496 3999 565 4060 quod
576 3997 675 4047 Plinius
684 4002 777 4049 xixa.
817 3997 878 4047 inde
897 3996 1102 4060 momentisque
1120 3997 1222 4060 potiore
1237 3999 1352 4061 sintm-

247 4071 341 4120 csllnm
360 4079 435 4120 terre
452 4079 531 4122 voest
547 4072 677 4123 ‘tubere'
705 4071 776 4124 Geli.
817 4073 938 4128 bitrstur,
965 4077 1065 4134 cerrset,
1085 4073 1214 4135 deceruit,
1239 4077 1350 4126 ststsitr

247 4144 392 4210 oestruffes.
602 4201 606 4208 ,
772 4188 775 4192 .
818 4148 918 4198 Grecis
939 4144 1064 4211 κριτήριον·
1092 4147 1161 4198 ‘boo
1189 4149 1286 4199 veritis
1312 4149 1350 4199 ui·
