3150 4892
608 338 751 389 BPODON
776 339 900 389 blBER·

651 574 749 638 ODE
787 574 852 640 IV.

642 738 682 785 itt
708 738 786 787 Mitte
795 740 859 788 AM.

202 868 234 917 Ie
246 868 351 919 iderant
362 870 522 919 amarulenta
538 869 660 921 invectio.
692 867 758 921 Erat
772 881 858 922 auteur
870 871 911 922 nte
924 872 1015 921 Menas
1026 872 1074 922 Cn.
1085 871 1206 935 Pompeii
1217 872 1294 923 liber·

235 954 285 1008 tus,
296 948 428 1012 Sextoque
438 948 563 1011 Pompeio
573 949 674 1011 iegatus
684 949 812 1015 classique
823 950 947 1000 Pireticae
958 948 1109 1014 proiectus,
1117 965 1193 1015 qnaur
1206 956 1293 1001 temen

234 1032 327 1088 postea
337 1027 439 1089 meionis
451 1040 498 1089 epe
510 1027 576 1077 lucri
592 1026 711 1092 Augusto
727 1029 871 1092 proditorie
886 1028 1010 1090 tradidit3
1027 1029 1059 1078 ab
1071 1026 1189 1092 Angusto
1199 1028 1294 1080 deinde

222 1104 268 1153 ‹ad
282 1104 392 1154 Sestum
409 1104 518 1168 defecit,
534 1107 696 1173 Sextumque
710 1108 807 1158 itereto
828 1107 945 1173 Augusto
961 1108 1085 1171 prodidit.
1117 1108 1195 1157 Hunc
1213 1108 1297 1171 igiter

234 1182 367 1245 Augustus
377 1199 428 1234 non
441 1184 523 1235 soinnr
529 1186 672 1236 Tribunum
681 1186 792 1236 miiitum
801 1186 943 1250 cinaeisque
955 1184 1113 1236 Praefectum
1123 1183 1234 1248 fecerat,
1245 1201 1293 1236 ve·

234 1275 290 1309 rnnv
300 1262 378 1312 etiem
390 1276 551 1313 mensurante
570 1263 730 1314 adhibuerat·
764 1266 847 1317 Quem
865 1279 918 1314 reru
931 1264 1064 1325 Horatius,
1073 1264 1100 1313 iu
1116 1264 1236 1327 Pompeii
1247 1265 1293 1314 do·

234 1354 301 1389 nrntu
313 1347 342 1390 nt
353 1342 442 1391 decuit
450 1342 572 1406 liberatis,
580 1343 746 1407 indignanter
757 1359 786 1394 se
796 1342 865 1393 ferre
878 1343 1009 1393 liberrime
1018 1343 1065 1393 bac
1074 1342 1133 1393 Ode
1145 1342 1292 1406 profitetur.

233 1418 287 1482 (lie
298 1418 347 1468 boc
359 1419 502 1484 Pomponio
515 1421 595 1471 biens
610 1422 695 1471 omnia
706 1422 772 1471 Dio:
793 1436 870 1485 porro
882 1436 942 1473 eom
957 1421 999 1471 irie
1015 1423 1080 1485 peti,
1092 1420 1177 1471 Acron
1188 1428 1216 1471 et
1228 1424 1293 1471 Por·

233 1497 335 1561 phyrio,
352 1501 442 1563 quales
458 1503 527 1551 nnnc
545 1508 614 1557 sunt,
633 1509 661 1550 et
677 1501 708 1551 V.
724 1502 811 1553 schol.
831 1502 993 1566 cruquianns
1010 1501 1127 1551 trudunt.
1160 1500 1225 1549 biibi
1243 1500 1292 1549 boc

232 1576 380 1639 scrupulum
391 1585 488 1641 movet,
499 1580 567 1642 quod
587 1581 689 1629 unicum
705 1586 733 1629 et
745 1580 877 1644 proprium
899 1580 998 1630 crimen
1014 1579 1131 1639 bominis,
1141 1577 1240 1641 perfide
1255 1579 1292 1628 le·

233 1654 311 1712 vitae,
322 1655 364 1706 irie
375 1654 413 1705 iiii
424 1670 474 1707 non
485 1658 623 1721 objicitor;
636 1658 682 1708 red
692 1658 790 1707 invidie
802 1665 903 1707 tanturn
912 1657 1054 1721 excitetur,
1065 1660 1115 1709 irc.
1127 1657 1216 1721 Gerre.)
1280 1660 1282 1665 '

372 1767 488 1831 Lurre
503 1776 538 1833 et
551 1769 646 1851 agnis
661 1776 789 1851 quanta
804 1772 924 1835 sortito
939 1770 1067 1854 obtigit,

413 1866 540 1932 Tecum
554 1869 634 1932 mibi
649 1869 822 1933 discordia
836 1876 899 1946 est,

235 2044 332 2114 Qearrta
344 2047 487 2097 utueiitcr
498 2048 627 2097 inimicitie
639 2050 701 2111 lapis
715 2054 787 2110 etque
802 2050 873 2109 agno
882 2048 1009 2109 corgnito
1024 2052 1070 2109 ert,
1080 2051 1149 2097 teuto
1161 2046 1221 2096 stibi
1230 2045 1292 2094 inest

654 2186 833 2207 eumuna

231 2282 294 2332 Ode
304 2290 396 2333 octsva
411 2283 480 2333 Libri
499 2285 573 2346 primi
590 2286 617 2335 in
635 2284 683 2335 Ed.
694 2284 789 2334 Senad.
822 2282 969 2352 Epiprepbe
981 2282 1006 2331 in
1019 2296 1070 2331 nno
1082 2280 1140 2332 cod.
1150 2279 1291 2341 Torrentii‚

199 2347 242 2396 Ad
253 2346 381 2396 Mosam
388 2362 398 2406 ,·
417 2348 444 2396 in
455 2349 545 2398 codice
555 2349 703 2397 Lsnrentin.
722 2348 753 2397 iu
763 2348 863 2397 &niver
875 2348 980 2395 Menum
991 2346 1099 2407 Pompeii
1109 2344 1235 2401 libertam
1262 2357 1278 2393 e

200 2410 329 2460 sicedidit
337 2412 455 2461 Torrent.
471 2412 524 2461 Atti
533 2420 597 2461 rett.
609 2412 640 2460 is
650 2412 755 2460 Masone
765 2412 892 2468 iibsrtm·
906 2410 935 2458 br
946 2407 1063 2459 Volteium
1070 2406 1240 2458 Moeuombber

693 2538 802 2588 Now

231 2631 349 2682 Mettum
358 2632 427 2683 idern
437 2632 504 2697 quod
517 2633 598 2696 Epod.
609 2647 629 2683 r.
765 2641 849 2697 gusto·
877 2632 975 2681 Postea
994 2630 1101 2680 Sextum
1122 2642 1210 2679 rursus
1231 2642 1291 2693 pro·

233 2706 366 2769 liaapivet
375 2708 455 2768 «μὴ,
463 2706 515 2769 itu]
529 2708 625 2768 Hebes,
633 2708 725 2770 lector,
763 2710 827 2755 dens
845 2720 876 2757 ec
894 2704 1015 2754 deaerens
1036 2702 1070 2753 ed
1088 2702 1232 2767 Angustum
1250 2717 1289 2753 re·

200 2782 226 2831 in
236 2783 284 2831 bae
295 2780 355 2831 Ode
365 2781 518 2846 exquisitam
532 2784 601 2831 verri
611 2785 725 2847 descrip·
764 2796 860 2844 versus,
878 2779 911 2829 ab
930 2794 961 2829 eo
980 2779 1093 2843 tundent,
1110 2779 1178 2843 qnod
1189 2778 1290 2842 pridem

202 2855 309 2916 donem,
326 2861 355 2904 et
375 2870 463 2905 ecreru
482 2871 650 2922 espereruqne
668 2858 725 2921 ejus
764 2856 960 2919 concupiverat,
968 2854 1098 2903 Tribunus
1115 2854 1225 2904 militurn
1236 2853 1289 2906 sac-

200 2929 357 2991 arrogantie
368 2930 575 2980 insectationem.
766 2939 807 2982 ins
817 2939 865 2982 eat.
894 2931 930 2980 At
947 2930 997 2980 isto
1013 2929 1119 2989 insignis
1135 2930 1230 2980 bonore
1245 2930 1290 2997 qui

234 3007 331 3062 Quanta
358 3006 443 3054 sortito
466 3005 565 3068 obtigit]
591 3007 724 3070 Quentuna
765 3005 797 3055 fit
806 3014 835 3055 ut
848 3012 899 3054 tarn
915 3003 998 3054 iibere
1009 3002 1041 3053 ab
1055 3002 1162 3054 Horatio
1174 3006 1289 3067 proscin-

200 3081 270 3131 inter
279 3094 309 3129 ee
319 3080 414 3143 odiunr,
430 3086 522 3129 natura
533 3082 661 3145 partiente
672 3084 724 3132 vei·
764 3079 859 3130 daturi
876 3079 940 3128 Tum
947 3092 1040 3141 nempe
1048 3092 1133 3127 rerum
1142 3085 1220 3143 atque
1227 3085 1298 3128 tenu·

201 3156 241 3204 nti
256 3162 287 3204 et·
302 3155 390 3217 deute,
399 3157 544 3206 sortiuntur
555 3165 583 3206 et
597 3157 724 3207 obtinent.
764 3168 855 3217 porum
867 3160 976 3216 cogente
992 3150 1145 3201 difficultate
1159 3166 1190 3202 ac
1201 3167 1289 3203 ncces·

200 3232 271 3281 Piin.
287 3244 315 3280 x.
326 3232 433 3295 uegit
443 3233 477 3280 de
487 3233 597 3282 netureii
612 3248 725 3298 quorun·
764 3232 852 3294 sitete,
864 3230 977 3294 prudens
988 3230 1076 3279 Coesnr
1086 3228 1226 3293 proditoris
1235 3244 1290 3281 ace·

200 3306 259 3354 darn
270 3306 414 3354 enimaiinru
422 3304 540 3355 dissidio.
765 3306 847 3355 lerata
864 3317 945 3368 opera
959 3304 1082 3355 utebatur
1097 3302 1211 3368 quidem,
1233 3305 1289 3367 ejus

231 3380 357 3429 b'chvuv
376 3378 436 3427 revidi
454 3379 572 3429 discordia
591 3380 640 3443 eat]
668 3382 724 3445 Ego
766 3393 827 3428 vero
838 3378 998 3443 proditiones
1013 3392 1045 3427 ac
1062 3376 1225 3441 perfidiosum
1238 3378 1290 3427 eui·

199 3454 267 3505 enim
286 3452 365 3504 iidcru
380 3454 604 3505 observantissime
621 3465 650 3506 et
666 3458 725 3507 reti·
764 3467 834 3501 rnurn
845 3452 969 3501 detestari
978 3466 1029 3501 non
1038 3450 1148 3501 latebat·
1162 3451 1230 3500 Veii.
1239 3452 1291 3501 Ps-

200 3528 341 3591 giosiseirue
352 3529 426 3589 coio;
444 3536 472 3579 tu
484 3529 627 3592 perfidiem.
646 3532 725 3582 Nem·
767 3526 857 3577 tercni.
873 3525 919 3574 iib.
935 3538 967 3575 11.
994 3522 1109 3588 Appien.
1129 3524 1197 3575 Beil.
1216 3526 1291 3576 civit.

200 3616 234 3665 pe
251 3602 343 3652 Mones
361 3603 481 3666 Pompeii
498 3605 588 3667 Magni
606 3606 726 3671 libertus,
765 3602 848 3653 itur.
873 3599 1221 3651 Dioiib.11.vrtr.Soeton.
1240 3600 1292 3651 Oc·

200 3690 232 3726 eo
249 3684 361 3735 mortno,
382 3678 457 3726 Sexti
475 3688 563 3741 pertcs
582 3683 725 3745 ampiexus,
766 3684 820 3727 tav.
835 3691 893 3740 cap.
910 3679 951 3725 ta.
968 3675 1012 3724 nbi
1023 3675 1131 3729 scribite
1146 3676 1291 3725 ‘nerninem

200 3752 233 3800 eb
244 3752 725 3819 eomngniamuneribusiocnpietatus,
757 3760 876 3817 'uuquam
893 3750 1042 3801 libertorum
1056 3749 1197 3799 adhibitum
1209 3764 1290 3801 ciente

200 3827 263 3891 quin
282 3834 311 3875 et
327 3827 404 3875 ciessi
423 3825 561 3889 prefectus
578 3837 618 3879 est
636 3840 726 3881 eontra
766 3828 799 3877 eb
811 3827 939 3890 Augusto,
957 3832 1069 3888 excepto
1089 3825 1177 3881 Mena,
1194 3825 1241 3875 ved
1252 3840 1291 3877 ae·

200 3902 329 3952 courum
345 3900 498 3963 Augustum.
525 3902 566 3952 Ad
582 3903 650 3955 bunc
665 3919 726 3955 veru
766 3911 838 3953 serto
847 3904 872 3953 iu
884 3901 1079 3967 ingenuitatem,
1091 3908 1150 3964 poet
1161 3900 1291 3965 proditam

201 3974 311 4024 subinde
329 3972 476 4036 tuoringit,
493 3981 523 4026 et
541 3976 575 4026 ab
594 3977 651 4041 ipso
666 3993 726 4030 mox
765 3978 840 4029 Sexti
856 3978 975 4042 Pompeii
991 3972 1118 4032 oenone
1144 3977 1217 4027 idern
1234 3977 1292 4027 bie-

202 4050 315 4113 eqneatri
325 4049 452 4113 dignitate
468 4056 579 4100 ornetur.
605 4052 673 4101 'l'um
686 4068 726 4103 re·
767 4066 814 4102 nse
829 4058 907 4103 antes
927 4050 1072 4115 Augustum
1091 4051 1201 4115 perdere
1217 4052 1293 4103 simui

204 4124 411 4176 diitaddeatunr
418 4124 571 4188 Pompeium
578 4126 667 4177 relicto
674 4126 728 4178 dn·
768 4137 796 4178 et
807 4126 945 4177 Antonium
954 4126 1121 4191 cogitaverat.
1135 4125 1293 4177 TestiaPtn·
