3150 4892
535 405 574 452 ru
599 405 758 454 nonaum
780 407 955 458 ss'rrrrss.
1252 399 1318 466 750

163 578 171 594 .
261 536 334 602 Post
349 539 476 601 Ennium
489 551 572 604 ortus
587 543 745 616 Pacuvius,
757 547 868 606 Satires
885 549 947 625 ipsa
958 565 1087 629 quoque,
1101 553 1164 614 sive
1178 549 1317 618 Avuncu-

205 633 292 706 lum,
307 635 370 696 site
384 639 483 697 Arum
496 657 533 698 ex
544 652 638 700 matre
653 641 795 713 imitatus,
815 643 943 722 scripsit.

259 730 358 790 Natus
369 744 416 792 est
429 734 557 794 Lucilius
578 753 614 794 eo
637 747 779 815 tempore,
802 757 862 816 qno
876 740 1002 800 maxime
1015 739 1140 802 florebat
1154 741 1316 808 Pacuvius.

194 861 199 868 -
218 827 394 904 Composuit
405 838 437 888 et
448 829 498 888 ille
513 831 636 903 Satires,
657 833 710 892 sed
735 834 843 912 quibus
858 853 965 896 noram
979 847 1089 896 novata
1102 838 1249 898 scribendi
1264 859 1311 900 ra·

217 919 299 980 tione
312 923 437 1001 gratim
455 926 633 1000 conciliavit,
656 938 691 988 ut
712 930 765 1006 qui
778 931 920 1009 Antiqua
936 931 1099 992 comedia
1114 933 1230 993 Graecae
1244 935 1316 995 ebs·

216 1026 359 1076 meterem
372 1020 493 1098 propios
507 1022 669 1100 exprimere
683 1024 828 1084 voluerit:
850 1027 935 1103 cujus
960 1025 1120 1086 admodum
1140 1027 1317 1105 imperfecta

216 1129 254 1171 ex
269 1111 367 1190 prisca
379 1113 483 1176 Latina
496 1117 593 1176 Satira
606 1118 706 1179 baberi
720 1131 837 1198 poterat
850 1122 964 1192 notitia,
976 1121 1065 1200 qualo
1079 1120 1192 1182 scilicet
1202 1122 1314 1184 iaceret

217 1206 355 1278 Carmen,
378 1205 459 1287 duod
480 1211 546 1271 sola
567 1211 681 1272 Natura
703 1214 899 1287 dictitaverat,
922 1227 1080 1294 numquam
1104 1217 1213 1296 injecta
1233 1230 1315 1279 esset

216 1302 360 1361 Romanis
380 1303 504 1363 Graecos
525 1305 669 1380 imitandi,
693 1326 854 1386 eorumque
869 1309 969 1388 spoliis
985 1331 1017 1368 se
1032 1310 1245 1390 locupletandi,
1261 1331 1313 1372 co-

215 1397 330 1550 gitatio.
372 1399 416 1458 Ex
437 1402 544 1478 quibus
569 1401 656 1462 facile
675 1403 802 1481 intelligi
822 1414 922 1483 potest
946 1405 1021 1465 illud
1044 1405 1169 1476 Horatii,
1195 1425 1234 1466 rr.
1250 1408 1313 1478 Sat,

237 1537 246 1553 .
269 1496 320 1552 62.

574 1606 666 1680 Quid,
678 1626 746 1666 cnm
761 1616 808 1666 est
823 1607 951 1668 Lucilius
967 1627 1058 1669 ausus

334 1699 451 1760 Primus
465 1701 495 1760 in
508 1702 589 1761 hune
602 1702 701 1780 operis
713 1721 892 1781 componere
906 1703 1037 1763 carmina
1050 1703 1182 1762 morem?

215 1805 285 1868 Noli
299 1825 401 1889 putare
416 1813 572 1873 Horatium
587 1813 716 1874 voluisse
728 1814 837 1883 dicere,
848 1815 944 1874 nullas
956 1827 1024 1875 ante
1039 1813 1182 1874 Lucilium
1199 1815 1311 1876 Satires

213 1905 326 1970 iactas:
349 1931 415 1970 cum
440 1911 582 1971 Lucilium
606 1911 813 1991 praecesserint
832 1911 944 1970 Ennius
964 1923 993 1970 et
1014 1911 1174 1983 Pacuvius,
1187 1931 1311 1991 quorum

213 2001 262 2063 ille
276 2006 443 2086 exemplum
458 2018 578 2067 secutus
593 2018 650 2067 est.
690 2007 726 2065 ld
751 2005 846 2065 solum
862 2007 965 2077 voluit,
990 2006 1131 2066 Lucilium
1146 2026 1253 2067 novam
1267 2011 1313 2070 sa-

212 2098 287 2159 ciem
301 2100 371 2161 huic
385 2103 515 2162 Garmini
528 2102 671 2174 induisse,
694 2101 774 2181 quod
800 2103 998 2182 perpoliverit,
1020 2111 1051 2162 et
1075 2115 1229 2182 propterea
1254 2124 1308 2183 pro

212 2193 305 2274 primo
319 2198 403 2275 quasi
418 2210 537 2259 auctore
552 2198 732 2258 babendum.
774 2197 809 2255 In
823 2197 926 2256 eadem
946 2199 997 2256 fuit
1022 2199 1168 2258 sententie
1191 2199 1311 2266 Quinti-

211 2291 309 2350 lianus
331 2312 366 2352 x.
382 2295 410 2351 l.
432 2273 553 2352 ‘Satira
571 2291 691 2372 quidem
706 2300 769 2349 tota
783 2303 885 2350 nostra
899 2301 955 2362 est,
975 2293 1005 2349 in
1021 2311 1080 2370 qua
1095 2293 1203 2370 primus
1218 2295 1310 2371 insig-

211 2405 279 2445 nem
303 2385 423 2458 laudem
442 2387 572 2466 adeptus
595 2396 643 2446 est
663 2384 815 2445 Lucilius!
855 2386 936 2446 Cave
950 2387 997 2445 hic
1013 2386 1138 2464 pedibus
1151 2387 1180 2444 in
1196 2387 1310 2447 Casan·

212 2480 282 2539 boni
297 2481 472 2540 sententiam
493 2501 555 2554 eas,
569 2481 619 2560 qui
634 2479 788 2540 Diomedis
804 2479 862 2540 fide
875 2480 978 2552 fretus,
992 2480 1079 2538 Ennii
1093 2491 1124 2539 et
1138 2481 1239 2538 Lucilii
1254 2483 1309 2540 Sa-

212 2573 283 2633 tiras
298 2585 361 2634 toto
375 2595 481 2654 genere
492 2575 649 2635 dissentire
663 2573 797 2636 credidit.
840 2575 916 2635 Vide
931 2575 996 2653 ipsa
1005 2574 1194 2634 Grammatici
1209 2577 1308 2649 verba,

212 2689 280 2748 quse
294 2671 409 2730 subacti
424 2670 529 2751 judicii
543 2670 685 2730 Criticum
700 2669 729 2727 in
755 2689 882 2728 errorem
900 2668 1089 2728 induxerunt.
1130 2675 1138 2702 ⁴
1152 2669 1249 2729 Satira
1263 2681 1309 2732 est

212 2767 338 2827 Carmen
364 2765 443 2845 apud
467 2765 630 2838 Romanos,
651 2785 710 2826 non
731 2763 850 2843 quidem
872 2764 950 2844 apud
969 2765 1102 2836 Graecos,
1123 2763 1307 2844 maledicum,

211 2871 242 2921 et
255 2862 293 2922 ad
307 2861 459 2943 carpenda
471 2844 852 2932 hominumvitia,Arebaeae
862 2859 1024 2919 Comoedioe
1039 2857 1207 2944 cbaractere
1222 2879 1305 2920 com-

211 2959 349 3036 positum,
363 2957 451 3036 quale
466 2956 647 3036 scripserunt
660 2953 798 3026 lucilius,
813 2968 843 3014 et
857 2955 1009 3030 Horatius,
1023 2967 1054 3015 et
1067 2955 1199 3016 Persius.
1245 2949 1314 3016 sed'

211 3051 279 3111 olim
295 3053 432 3124 Carmen,
446 3051 525 3132 qirod
540 3073 576 3113 ex
591 3050 679 3110 variis
693 3051 878 3131 poematibus
893 3053 1060 3120 constabat,
1075 3051 1172 3110 Satira
1186 3051 1306 3112 diceba·

210 3157 268 3220 tur,
289 3147 376 3227 quale
399 3147 579 3226 scripserunt
599 3145 746 3206 Pacuvius
761 3154 792 3205 et
805 3145 942 3205 Ennius!
981 3147 1113 3226 Apparet
1131 3145 1305 3207 Diomedem

211 3243 394 3321 distinguere
411 3243 537 3302 Satiram
556 3242 660 3302 Lucilii
680 3244 717 3301 ab
742 3261 778 3302 ea
792 3261 880 3320 quam
900 3241 1016 3320 scripsit
1037 3239 1150 3300 Ennius
1164 3255 1194 3300 et
1208 3240 1306 3301 Pacu·

211 3337 286 3398 vius.
328 3336 465 3398 Ridicula
489 3347 587 3397 autem
612 3349 642 3396 et
662 3337 782 3396 omnino
797 3336 873 3396 salsa
886 3346 933 3396 est
945 3336 1032 3415 hujus
1047 3335 1243 3396 distinctionis
1257 3357 1305 3410 ea,

211 3450 299 3512 quam
313 3432 419 3505 reddit,
434 3434 518 3493 ratio.
558 3433 627 3491 Non
642 3433 714 3491 satis
731 3431 960 3509 investigaverat
979 3431 1067 3490 homo
1082 3431 1205 3509 simplex
1220 3441 1306 3490 natu-

210 3549 272 3589 ram
286 3540 318 3588 et
330 3530 470 3608 orign'rrem
485 3529 635 3607 utriusque
650 3528 764 3600 Satiroe,
787 3547 855 3606 quta
878 3526 997 3586 omnino
1015 3525 1231 3586 conveniebant
1243 3537 1304 3586 tam

210 3627 332 3686 materia
345 3645 434 3704 quam
447 3625 552 3685 forma.
594 3621 672 3684 Nam
683 3623 753 3682 nibil
767 3642 804 3682 eo
814 3621 953 3684 attulerat
964 3621 1092 3681 Lucilius
1107 3633 1214 3700 praeter
1227 3621 1304 3681 nito·

209 3721 249 3781 ris
264 3733 294 3782 et
307 3721 377 3781 salis
397 3718 575 3800 plusculum,
594 3720 625 3778 in
639 3737 754 3779 summa
767 3717 809 3778 rei
821 3717 904 3778 nulla
917 3717 1026 3796 insigni
1039 3715 1200 3775 variatione
1213 3717 1304 3776 faeta.

210 3801 429 3896 thnanqnam
452 3835 512 3876 non
535 3816 729 3896 conjunxerat
747 3815 833 3894 plura
855 3832 991 3873 versuum
1014 3829 1123 3889 genera
1143 3812 1173 3870 in
1197 3809 1302 3871 eodem

210 3911 360 3994 Carmine,
385 3912 462 3972 sicut
482 3911 608 3983 Ennius,
628 3910 738 3971 iecerat
761 3918 860 3968 tamen
874 3909 990 3967 diversa
1004 3905 1154 3977 Carmina,
1178 3921 1302 3982 quorum

209 4007 268 4066 alia
280 4007 396 4085 integra
408 4008 550 4067 Versibus
572 4006 771 4073 Hexametris‚
796 4003 855 4064 alis
879 4001 1026 4076 iambicis,
1051 4001 1111 4061 alia
1133 3999 1302 4060 Trocbaicis

209 4097 397 4173 constabant,
417 4111 452 4161 ut
472 4101 565 4179 liquet
586 4121 623 4160 ex
645 4102 738 4180 ipsius
759 4098 955 4177 Fragmentis.
991 4097 1039 4155 Ut
1052 4097 1140 4157 verbo
1156 4096 1262 4166 dicam,
1277 4095 1304 4154 si

210 4182 370 4256 liuciliansa
384 4197 488 4269 Satira)
501 4196 610 4264 diversi
623 4197 739 4275 generis
750 4178 792 4256 ab
808 4195 949 4255 Ennianis
964 4193 1031 4253 ideo
1051 4190 1211 4252 censendae
1232 4191 1301 4259 sint,
