<?xml version="1.0" encoding="UTF-8"?>
<!DOCTYPE html PUBLIC "-//W3C//DTD XHTML 1.0 Transitional//EN"
    "http://www.w3.org/TR/xhtml1/DTD/xhtml1-transitional.dtd">
<html xmlns="http://www.w3.org/1999/xhtml" xml:lang="en" lang="en">
 <head>
  <title>
</title>
<meta http-equiv="Content-Type" content="text/html;charset=utf-8" />
  <meta name='ocr-system' content='tesseract 3.04.00' />
  <meta name='ocr-capabilities' content='ocr_page ocr_carea ocr_par ocr_line ocrx_word'/>
</head>
<body>
  <div class='ocr_page' id='page_1' title='image "./quintihoratiifl05zeungoog_0423.png"; bbox 0 0 3150 4892; ppageno 0'>
   <div class='ocr_carea' id='block_1_1' title="bbox 570 332 1314 399">
    <p class='ocr_par' dir='ltr' id='par_1_1' title="bbox 570 332 1314 399">
     <span class='ocr_line' id='line_1_1' title="bbox 570 332 1314 399; baseline 0.003 -2"><span class='ocrx_word' id='word_1_1' title='bbox 570 347 779 397; x_wconf 82' lang='lat' dir='ltr'><strong>snuuouuu</strong></span> <span class='ocrx_word' id='word_1_2' title='bbox 805 348 878 396; x_wconf 83' lang='lat' dir='ltr'><strong>uro.</strong></span> <span class='ocrx_word' id='word_1_3' title='bbox 900 349 925 398; x_wconf 89' lang='lat'><strong>1.</strong></span> <span class='ocrx_word' id='word_1_4' title='bbox 950 332 983 399; x_wconf 86' lang='lat'><strong>8.</strong></span> <span class='ocrx_word' id='word_1_5' title='bbox 1193 368 1195 373; x_wconf 95' lang='lat'>·</span> <span class='ocrx_word' id='word_1_6' title='bbox 1248 333 1314 399; x_wconf 80' lang='grc'><strong>877</strong></span> 
     </span>
    </p>
   </div>
   <div class='ocr_carea' id='block_1_2' title="bbox 222 487 1313 976">
    <p class='ocr_par' dir='ltr' id='par_1_2' title="bbox 225 487 1147 575">
     <span class='ocr_line' id='line_1_2' title="bbox 225 487 1147 575; baseline 0.003 -22"><span class='ocrx_word' id='word_1_7' title='bbox 225 487 310 553; x_wconf 85' lang='lat' dir='ltr'><strong>Cum</strong></span> <span class='ocrx_word' id='word_1_8' title='bbox 323 488 428 567; x_wconf 81' lang='lat' dir='ltr'><strong>labar,</strong></span> <span class='ocrx_word' id='word_1_9' title='bbox 443 490 590 555; x_wconf 81' lang='lat' dir='ltr'><strong>incertos</strong></span> <span class='ocrx_word' id='word_1_10' title='bbox 604 510 774 556; x_wconf 83' lang='lat' dir='ltr'><strong>scamnum</strong></span> <span class='ocrx_word' id='word_1_11' title='bbox 789 492 955 558; x_wconf 79' lang='lat' dir='ltr'><strong>faceretne</strong></span> <span class='ocrx_word' id='word_1_12' title='bbox 972 491 1147 575; x_wconf 83' lang='lat' dir='ltr'><strong>Priapum,</strong></span> 
     </span>
    </p>

    <p class='ocr_par' dir='ltr' id='par_1_3' title="bbox 222 588 1313 976">
     <span class='ocr_line' id='line_1_3' title="bbox 225 588 1212 678; baseline 0.004 -25"><span class='ocrx_word' id='word_1_13' title='bbox 225 588 349 654; x_wconf 84' lang='lat' dir='ltr'>Maluit</span> <span class='ocrx_word' id='word_1_14' title='bbox 364 610 439 655; x_wconf 82' lang='lat' dir='ltr'><strong>esso</strong></span> <span class='ocrx_word' id='word_1_15' title='bbox 455 592 573 655; x_wconf 86' lang='lat' dir='ltr'><strong>Deum.</strong></span> <span class='ocrx_word' id='word_1_16' title='bbox 617 592 715 656; x_wconf 85' lang='lat' dir='ltr'><strong>Dens</strong></span> <span class='ocrx_word' id='word_1_17' title='bbox 730 593 808 657; x_wconf 86' lang='lat' dir='ltr'><strong>indo</strong></span> <span class='ocrx_word' id='word_1_18' title='bbox 822 612 898 675; x_wconf 81' lang='lat' dir='ltr'><strong>ogo,</strong></span> <span class='ocrx_word' id='word_1_19' title='bbox 914 594 1018 657; x_wconf 83' lang='lat' dir='ltr'><strong>lurum</strong></span> <span class='ocrx_word' id='word_1_20' title='bbox 1035 594 1212 678; x_wconf 81' lang='lat' dir='ltr'><strong>oviumque</strong></span> 
     </span>
     <span class='ocr_line' id='line_1_4' title="bbox 224 689 1042 772; baseline 0.005 -19"><span class='ocrx_word' id='word_1_21' title='bbox 224 689 376 755; x_wconf 81' lang='lat' dir='ltr'><strong>Maxima</strong></span> <span class='ocrx_word' id='word_1_22' title='bbox 389 691 551 771; x_wconf 83' lang='lat' dir='ltr'><strong>lormido;</strong></span> <span class='ocrx_word' id='word_1_23' title='bbox 572 711 648 756; x_wconf 83' lang='lat' dir='ltr'><strong>nam</strong></span> <span class='ocrx_word' id='word_1_24' title='bbox 663 692 753 756; x_wconf 81' lang='lat' dir='ltr'><strong>fores</strong></span> <span class='ocrx_word' id='word_1_25' title='bbox 767 692 886 758; x_wconf 79' lang='lat' dir='ltr'><strong>dextra</strong></span> <span class='ocrx_word' id='word_1_26' title='bbox 899 694 1042 772; x_wconf 81' lang='lat' dir='ltr'><strong>coiircet,</strong></span> 
     </span>
     <span class='ocr_line' id='line_1_5' title="bbox 222 791 1313 877; baseline 0.004 -20"><span class='ocrx_word' id='word_1_27' title='bbox 222 791 815 875; x_wconf 83' lang='lat' dir='ltr'><strong>Obscoenoqnerobcrporroctusab</strong></span> <span class='ocrx_word' id='word_1_28' title='bbox 830 795 962 875; x_wconf 83' lang='lat' dir='ltr'><strong>inguine</strong></span> <span class='ocrx_word' id='word_1_29' title='bbox 977 794 1097 877; x_wconf 80' lang='lat' dir='ltr'><strong>palus3</strong></span> <span class='ocrx_word' id='word_1_30' title='bbox 1290 798 1313 861; x_wconf 81' lang='grc'><strong><em>5</em></strong></span> 
     </span>
     <span class='ocr_line' id='line_1_6' title="bbox 222 893 1011 976; baseline 0 -18"><span class='ocrx_word' id='word_1_31' title='bbox 222 893 290 958; x_wconf 84' lang='lat' dir='ltr'><strong>Ast</strong></span> <span class='ocrx_word' id='word_1_32' title='bbox 302 894 510 976; x_wconf 84' lang='lat' dir='ltr'><strong>importunos</strong></span> <span class='ocrx_word' id='word_1_33' title='bbox 525 894 678 957; x_wconf 81' lang='lat' dir='ltr'><strong>volucres</strong></span> <span class='ocrx_word' id='word_1_34' title='bbox 691 894 726 958; x_wconf 92' lang='lat' dir='ltr'><strong>in</strong></span> <span class='ocrx_word' id='word_1_35' title='bbox 742 895 868 959; x_wconf 84' lang='lat' dir='ltr'><strong>vertice</strong></span> <span class='ocrx_word' id='word_1_36' title='bbox 884 895 1011 959; x_wconf 80' lang='lat' dir='ltr'><strong>arundo</strong></span> 
     </span>
    </p>
   </div>
   <div class='ocr_carea' id='block_1_3' title="bbox 214 1124 1310 1322">
    <p class='ocr_par' dir='ltr' id='par_1_4' title="bbox 214 1124 1310 1322">
     <span class='ocr_line' id='line_1_7' title="bbox 214 1124 1308 1194; baseline 0.004 -19"><span class='ocrx_word' id='word_1_37' title='bbox 214 1124 355 1187; x_wconf 74' lang='lat' dir='ltr'><strong>fabricaret,</strong></span> <span class='ocrx_word' id='word_1_38' title='bbox 364 1144 395 1177; x_wconf 84' lang='lat' dir='ltr'><strong>aa</strong></span> <span class='ocrx_word' id='word_1_39' title='bbox 405 1130 529 1193; x_wconf 69' lang='lat' dir='ltr'><strong>Prirpauu</strong></span> <span class='ocrx_word' id='word_1_40' title='bbox 540 1130 622 1179; x_wconf 61' lang='lat' dir='ltr'><strong>malai</strong></span> <span class='ocrx_word' id='word_1_41' title='bbox 630 1131 691 1194; x_wconf 78' lang='lat' dir='ltr'><strong>fleri</strong></span> <span class='ocrx_word' id='word_1_42' title='bbox 702 1131 789 1180; x_wconf 72' lang='lat' dir='ltr'><strong>Dran.</strong></span> <span class='ocrx_word' id='word_1_43' title='bbox 823 1132 917 1181; x_wconf 79' lang='lat' dir='ltr'><strong>Exinde</strong></span> <span class='ocrx_word' id='word_1_44' title='bbox 928 1146 971 1193; x_wconf 74' lang='lat' dir='ltr'><strong>ego</strong></span> <span class='ocrx_word' id='word_1_45' title='bbox 983 1133 1048 1181; x_wconf 75' lang='lat' dir='ltr'><strong>Deua</strong></span> <span class='ocrx_word' id='word_1_46' title='bbox 1065 1130 1147 1187; x_wconf 80' lang='lat' dir='ltr'><strong>extiti,</strong></span> <span class='ocrx_word' id='word_1_47' title='bbox 1166 1130 1250 1192; x_wconf 73' lang='lat' dir='ltr'><strong>iugera</strong></span> <span class='ocrx_word' id='word_1_48' title='bbox 1261 1136 1308 1179; x_wconf 85' lang='lat' dir='ltr'><strong>ter·</strong></span> 
     </span>
     <span class='ocr_line' id='line_1_8' title="bbox 218 1194 1309 1258; baseline 0.005 -21"><span class='ocrx_word' id='word_1_49' title='bbox 218 1206 259 1237; x_wconf 85' lang='lat' dir='ltr'><strong>ror</strong></span> <span class='ocrx_word' id='word_1_50' title='bbox 272 1194 409 1253; x_wconf 70' lang='lat' dir='ltr'><strong>praumato</strong></span> <span class='ocrx_word' id='word_1_51' title='bbox 418 1198 488 1256; x_wconf 76' lang='lat' dir='ltr'><strong>atque</strong></span> <span class='ocrx_word' id='word_1_52' title='bbox 497 1195 619 1242; x_wconf 76' lang='lat' dir='ltr'><strong>uolam.</strong></span> <span class='ocrx_word' id='word_1_53' title='bbox 656 1195 751 1243; x_wconf 80' lang='lat' dir='ltr'><strong>Eteaiaa</strong></span> <span class='ocrx_word' id='word_1_54' title='bbox 760 1198 847 1245; x_wconf 77' lang='lat' dir='ltr'><strong>dextro</strong></span> <span class='ocrx_word' id='word_1_55' title='bbox 857 1210 907 1245; x_wconf 82' lang='lat' dir='ltr'><strong>uteo</strong></span> <span class='ocrx_word' id='word_1_56' title='bbox 917 1201 981 1245; x_wconf 81' lang='lat' dir='ltr'><strong>arcet</strong></span> <span class='ocrx_word' id='word_1_57' title='bbox 989 1198 1111 1258; x_wconf 77' lang='lat' dir='ltr'><strong>pradum</strong></span> <span class='ocrx_word' id='word_1_58' title='bbox 1135 1194 1149 1224; x_wconf 68' lang='lat'>⁸</span> <span class='ocrx_word' id='word_1_59' title='bbox 1214 1195 1229 1223; x_wconf 72' lang='lat'><strong>⁴</strong></span> <span class='ocrx_word' id='word_1_60' title='bbox 1294 1194 1309 1223; x_wconf 74' lang='lat'><strong><em>⁹</em></strong></span> 
     </span>
     <span class='ocr_line' id='line_1_9' title="bbox 218 1257 1310 1322; baseline 0.003 -19"><span class='ocrx_word' id='word_1_61' title='bbox 218 1260 245 1302; x_wconf 82' lang='lat' dir='ltr'><strong>ot</strong></span> <span class='ocrx_word' id='word_1_62' title='bbox 255 1260 344 1304; x_wconf 74' lang='lat' dir='ltr'><strong>mado</strong></span> <span class='ocrx_word' id='word_1_63' title='bbox 353 1257 381 1306; x_wconf 82' lang='lat' dir='ltr'><strong>ia</strong></span> <span class='ocrx_word' id='word_1_64' title='bbox 389 1272 479 1306; x_wconf 74' lang='lat' dir='ltr'><strong>aarum</strong></span> <span class='ocrx_word' id='word_1_65' title='bbox 488 1258 566 1320; x_wconf 83' lang='lat' dir='ltr'><strong>rapite</strong></span> <span class='ocrx_word' id='word_1_66' title='bbox 574 1258 650 1322; x_wconf 74' lang='lat' dir='ltr'><strong>infixa</strong></span> <span class='ocrx_word' id='word_1_67' title='bbox 661 1260 763 1307; x_wconf 72' lang='lat' dir='ltr'><strong>detenet</strong></span> <span class='ocrx_word' id='word_1_68' title='bbox 779 1274 834 1307; x_wconf 76' lang='lat' dir='ltr'><strong>nnec</strong></span> <span class='ocrx_word' id='word_1_69' title='bbox 847 1260 965 1322; x_wconf 72' lang='lat' dir='ltr'><strong>molestor,</strong></span> <span class='ocrx_word' id='word_1_70' title='bbox 982 1275 1010 1307; x_wconf 86' lang='lat' dir='ltr'><strong>oc</strong></span> <span class='ocrx_word' id='word_1_71' title='bbox 1025 1259 1132 1321; x_wconf 71' lang='lat' dir='ltr'><strong>prohibet</strong></span> <span class='ocrx_word' id='word_1_72' title='bbox 1147 1259 1272 1309; x_wconf 83' lang='lat' dir='ltr'><strong>eoaairtere</strong></span> <span class='ocrx_word' id='word_1_73' title='bbox 1282 1257 1310 1306; x_wconf 80' lang='lat' dir='ltr'><strong>ia</strong></span> 
     </span>
    </p>
   </div>
   <div class='ocr_carea' id='block_1_4' title="bbox 210 1484 1308 1697">
    <p class='ocr_par' dir='ltr' id='par_1_5' title="bbox 210 1484 1308 1697">
     <span class='ocr_line' id='line_1_10' title="bbox 218 1484 1308 1580; baseline 0.005 -20"><span class='ocrx_word' id='word_1_74' title='bbox 218 1512 251 1561; x_wconf 91' lang='lat' dir='ltr'><strong>V.</strong></span> <span class='ocrx_word' id='word_1_75' title='bbox 262 1490 366 1562; x_wconf 76' lang='lat' dir='ltr'><strong>Puaetr.</strong></span> <span class='ocrx_word' id='word_1_76' title='bbox 379 1528 398 1563; x_wconf 85' lang='lat' dir='ltr'><strong>r.</strong></span> <span class='ocrx_word' id='word_1_77' title='bbox 408 1517 433 1563; x_wconf 72' lang='lat'><strong>2.</strong></span> <span class='ocrx_word' id='word_1_78' title='bbox 444 1518 533 1564; x_wconf 63' lang='lat' dir='ltr'><strong>tta-l</strong></span> <span class='ocrx_word' id='word_1_79' title='bbox 546 1514 647 1565; x_wconf 85' lang='lat' dir='ltr'><strong>Bartlrii</strong></span> <span class='ocrx_word' id='word_1_80' title='bbox 658 1514 741 1564; x_wconf 83' lang='lat' dir='ltr'><strong>codex</strong></span> <span class='ocrx_word' id='word_1_81' title='bbox 751 1516 958 1580; x_wconf 80' lang='lat' dir='ltr'><strong>antiqulaaimur:</strong></span> <span class='ocrx_word' id='word_1_82' title='bbox 969 1484 1162 1577; x_wconf 72' lang='lat' dir='ltr'><strong>nonfacersnrte</strong></span> <span class='ocrx_word' id='word_1_83' title='bbox 1172 1516 1269 1577; x_wconf 79' lang='lat' dir='ltr'><strong>eo&#39;e&#39;rcel,</strong></span> <span class='ocrx_word' id='word_1_84' title='bbox 1280 1522 1308 1565; x_wconf 88' lang='lat' dir='ltr'><strong>et</strong></span> 
     </span>
     <span class='ocr_line' id='line_1_11' title="bbox 217 1576 1307 1643; baseline 0.004 -20"><span class='ocrx_word' id='word_1_85' title='bbox 217 1576 244 1623; x_wconf 87' lang='lat' dir='ltr'><strong>iu</strong></span> <span class='ocrx_word' id='word_1_86' title='bbox 255 1577 369 1639; x_wconf 76' lang='lat' dir='ltr'><strong>margine</strong></span> <span class='ocrx_word' id='word_1_87' title='bbox 373 1578 456 1637; x_wconf 69' lang='lat' dir='ltr'><strong>sotter</strong></span> <span class='ocrx_word' id='word_1_88' title='bbox 472 1586 610 1643; x_wconf 85' lang='lat' dir='ltr'><strong>utromque</strong></span> <span class='ocrx_word' id='word_1_89' title='bbox 621 1594 654 1628; x_wconf 88' lang='lat' dir='ltr'><strong>ex</strong></span> <span class='ocrx_word' id='word_1_90' title='bbox 665 1580 897 1643; x_wconf 84' lang='lat' dir='ltr'><strong>interpretamento</strong></span> <span class='ocrx_word' id='word_1_91' title='bbox 913 1581 957 1629; x_wconf 76' lang='grc' dir='ltr'><strong>τοῦ</strong></span> <span class='ocrx_word' id='word_1_92' title='bbox 973 1582 1065 1632; x_wconf 73' lang='lat' dir='ltr'><strong>dextra</strong></span> <span class='ocrx_word' id='word_1_93' title='bbox 1094 1582 1168 1630; x_wconf 88' lang='lat' dir='ltr'><strong>Uuua</strong></span> <span class='ocrx_word' id='word_1_94' title='bbox 1185 1580 1307 1641; x_wconf 80' lang='lat' dir='ltr'><strong>Turnebi,</strong></span> 
     </span>
     <span class='ocr_line' id='line_1_12' title="bbox 210 1640 1307 1697; baseline 0.005 -10"><span class='ocrx_word' id='word_1_95' title='bbox 210 1640 282 1697; x_wconf 79' lang='lat' dir='ltr'><strong>surra</strong></span> <span class='ocrx_word' id='word_1_96' title='bbox 297 1656 348 1691; x_wconf 74' lang='lat' dir='ltr'><strong>eaeo</strong></span> <span class='ocrx_word' id='word_1_97' title='bbox 362 1642 447 1690; x_wconf 73' lang='lat' dir='ltr'><strong>dextro</strong></span> <span class='ocrx_word' id='word_1_98' title='bbox 464 1643 610 1693; x_wconf 67' lang='lat' dir='ltr'><strong>coercet-o</strong></span> <span class='ocrx_word' id='word_1_99' title='bbox 628 1644 705 1693; x_wconf 83' lang='lat' dir='ltr'><strong>Hunc</strong></span> <span class='ocrx_word' id='word_1_100' title='bbox 718 1658 820 1693; x_wconf 78' lang='lat' dir='ltr'><strong>veroum</strong></span> <span class='ocrx_word' id='word_1_101' title='bbox 840 1646 952 1695; x_wconf 77' lang='lat' dir='ltr'>resecuit</span> <span class='ocrx_word' id='word_1_102' title='bbox 970 1644 1132 1694; x_wconf 64' lang='lat' dir='ltr'><strong>Sanam-10</strong></span> <span class='ocrx_word' id='word_1_103' title='bbox 1149 1644 1199 1694; x_wconf 83' lang='lat' dir='ltr'><strong>Hic</strong></span> <span class='ocrx_word' id='word_1_104' title='bbox 1215 1644 1307 1693; x_wconf 80' lang='lat' dir='ltr'><strong>mirem</strong></span> 
     </span>
    </p>
   </div>
   <div class='ocr_carea' id='block_1_5' title="bbox 707 1816 818 1869">
    <p class='ocr_par' dir='ltr' id='par_1_6' title="bbox 707 1816 818 1869">
     <span class='ocr_line' id='line_1_13' title="bbox 707 1816 818 1869; baseline -0.018 0"><span class='ocrx_word' id='word_1_105' title='bbox 707 1816 818 1869; x_wconf 75' lang='lat' dir='ltr'>NOTAE</span> 
     </span>
    </p>
   </div>
   <div class='ocr_carea' id='block_1_6' title="bbox 207 1944 1308 4183">
    <p class='ocr_par' dir='ltr' id='par_1_7' title="bbox 211 1944 1308 2757">
     <span class='ocr_line' id='line_1_14' title="bbox 249 1944 1307 2012; baseline 0.002 -19"><span class='ocrx_word' id='word_1_106' title='bbox 249 1948 260 1993; x_wconf 91' lang='lat' dir='ltr'><strong>l</strong></span> <span class='ocrx_word' id='word_1_107' title='bbox 281 1946 355 2008; x_wconf 84' lang='lat' dir='ltr'><strong>Olim,</strong></span> <span class='ocrx_word' id='word_1_108' title='bbox 363 1945 416 2008; x_wconf 68' lang='lat' dir='ltr'><strong>tre]</strong></span> <span class='ocrx_word' id='word_1_109' title='bbox 429 1946 612 2009; x_wconf 80' lang='lat' dir='ltr'><strong>Procopopoeia</strong></span> <span class='ocrx_word' id='word_1_110' title='bbox 623 1953 664 1995; x_wconf 85' lang='lat' dir='ltr'><strong>eat</strong></span> <span class='ocrx_word' id='word_1_111' title='bbox 675 1945 740 2009; x_wconf 88' lang='lat' dir='ltr'><strong>lepi·</strong></span> <span class='ocrx_word' id='word_1_112' title='bbox 779 1958 847 1995; x_wconf 88' lang='lat' dir='ltr'><strong>muru</strong></span> <span class='ocrx_word' id='word_1_113' title='bbox 865 1945 953 2002; x_wconf 83' lang='lat' dir='ltr'><strong>fiebat,</strong></span> <span class='ocrx_word' id='word_1_114' title='bbox 974 1946 1043 2012; x_wconf 87' lang='lat' dir='ltr'><strong>quod</strong></span> <span class='ocrx_word' id='word_1_115' title='bbox 1060 1946 1156 2010; x_wconf 79' lang='lat' dir='ltr'><strong>liguum</strong></span> <span class='ocrx_word' id='word_1_116' title='bbox 1174 1944 1307 2008; x_wconf 69' lang='lat' dir='ltr'><strong>fragileet</strong></span> 
     </span>
     <span class='ocr_line' id='line_1_15' title="bbox 216 2020 1308 2091; baseline -0.002 -20"><span class='ocrx_word' id='word_1_117' title='bbox 216 2022 249 2071; x_wconf 80' lang='lat' dir='ltr'><strong>tia</strong></span> <span class='ocrx_word' id='word_1_118' title='bbox 268 2037 371 2087; x_wconf 77' lang='lat' dir='ltr'><strong>prorsus</strong></span> <span class='ocrx_word' id='word_1_119' title='bbox 391 2028 419 2071; x_wconf 89' lang='lat' dir='ltr'><strong>et</strong></span> <span class='ocrx_word' id='word_1_120' title='bbox 435 2020 531 2084; x_wconf 79' lang='lat' dir='ltr'><strong>faceta,</strong></span> <span class='ocrx_word' id='word_1_121' title='bbox 549 2036 599 2091; x_wconf 78' lang='lat' dir='ltr'><strong>qua</strong></span> <span class='ocrx_word' id='word_1_122' title='bbox 615 2022 739 2072; x_wconf 81' lang='lat' dir='ltr'><strong>Horatium</strong></span> <span class='ocrx_word' id='word_1_123' title='bbox 780 2021 813 2070; x_wconf 84' lang='lat' dir='ltr'><strong>ad</strong></span> <span class='ocrx_word' id='word_1_124' title='bbox 826 2022 875 2071; x_wconf 84' lang='lat' dir='ltr'><strong>alia</strong></span> <span class='ocrx_word' id='word_1_125' title='bbox 886 2037 964 2086; x_wconf 84' lang='lat' dir='ltr'><strong>opera</strong></span> <span class='ocrx_word' id='word_1_126' title='bbox 976 2022 1112 2071; x_wconf 78' lang='lat' dir='ltr'><strong>artificiose</strong></span> <span class='ocrx_word' id='word_1_127' title='bbox 1129 2020 1251 2084; x_wconf 76' lang='lat' dir='ltr'><strong>lingenda</strong></span> <span class='ocrx_word' id='word_1_128' title='bbox 1270 2020 1308 2069; x_wconf 90' lang='lat' dir='ltr'><strong>in·</strong></span> 
     </span>
     <span class='ocr_line' id='line_1_16' title="bbox 214 2094 1308 2161; baseline -0.002 -14"><span class='ocrx_word' id='word_1_129' title='bbox 214 2095 740 2161; x_wconf 80' lang='lat' dir='ltr'><strong>evulgatilludCanidirevenrticium,tlo</strong></span> <span class='ocrx_word' id='word_1_130' title='bbox 780 2104 878 2158; x_wconf 77' lang='lat' dir='ltr'><strong>optutu.</strong></span> <span class='ocrx_word' id='word_1_131' title='bbox 911 2096 995 2146; x_wconf 80' lang='lat' dir='ltr'><strong>Aliam</strong></span> <span class='ocrx_word' id='word_1_132' title='bbox 1024 2097 1067 2146; x_wconf 87' lang='lat' dir='ltr'><strong>alii</strong></span> <span class='ocrx_word' id='word_1_133' title='bbox 1094 2097 1220 2145; x_wconf 85' lang='lat' dir='ltr'><strong>rationem</strong></span> <span class='ocrx_word' id='word_1_134' title='bbox 1246 2094 1308 2145; x_wconf 76' lang='lat' dir='ltr'><strong>affe·</strong></span> 
     </span>
     <span class='ocr_line' id='line_1_17' title="bbox 214 2168 1306 2237; baseline -0.002 -16"><span class='ocrx_word' id='word_1_135' title='bbox 214 2187 264 2237; x_wconf 85' lang='lat' dir='ltr'><strong>quo</strong></span> <span class='ocrx_word' id='word_1_136' title='bbox 276 2174 303 2220; x_wconf 91' lang='lat' dir='ltr'><strong>in</strong></span> <span class='ocrx_word' id='word_1_137' title='bbox 321 2172 404 2235; x_wconf 80' lang='lat' dir='ltr'><strong>Epod.</strong></span> <span class='ocrx_word' id='word_1_138' title='bbox 421 2172 467 2220; x_wconf 87' lang='lat' dir='ltr'><strong>nlt.</strong></span> <span class='ocrx_word' id='word_1_139' title='bbox 487 2172 532 2220; x_wconf 89' lang='lat' dir='ltr'><strong>nbi</strong></span> <span class='ocrx_word' id='word_1_140' title='bbox 545 2172 668 2220; x_wconf 83' lang='lat' dir='ltr'><strong>Canidia:</strong></span> <span class='ocrx_word' id='word_1_141' title='bbox 685 2172 741 2220; x_wconf 78' lang='lat' dir='ltr'><strong>&#39;Et</strong></span> <span class='ocrx_word' id='word_1_142' title='bbox 782 2178 851 2227; x_wconf 88' lang='lat' dir='ltr'><strong>runt,</strong></span> <span class='ocrx_word' id='word_1_143' title='bbox 873 2172 940 2235; x_wconf 83' lang='lat' dir='ltr'><strong>qrrod</strong></span> <span class='ocrx_word' id='word_1_144' title='bbox 961 2171 1023 2221; x_wconf 84' lang='lat' dir='ltr'><strong>licua</strong></span> <span class='ocrx_word' id='word_1_145' title='bbox 1043 2169 1179 2219; x_wconf 75' lang='lat' dir='ltr'><strong>admodum</strong></span> <span class='ocrx_word' id='word_1_146' title='bbox 1201 2168 1306 2232; x_wconf 75' lang='lat' dir='ltr'><strong>fertilia,</strong></span> 
     </span>
     <span class='ocr_line' id='line_1_18' title="bbox 213 2243 1305 2310; baseline 0 -15"><span class='ocrx_word' id='word_1_147' title='bbox 213 2247 340 2310; x_wconf 81' lang='lat' dir='ltr'><strong>anuiliui</strong></span> <span class='ocrx_word' id='word_1_148' title='bbox 372 2244 497 2295; x_wconf 77' lang='lat' dir='ltr'>Pontifex</span> <span class='ocrx_word' id='word_1_149' title='bbox 527 2244 656 2307; x_wconf 70' lang='lat' dir='ltr'><strong>venefict&#39;</strong></span> <span class='ocrx_word' id='word_1_150' title='bbox 689 2249 738 2295; x_wconf 80' lang='lat' dir='ltr'><strong>&amp;c</strong></span> <span class='ocrx_word' id='word_1_151' title='bbox 779 2243 1305 2309; x_wconf 76' lang='lat' dir='ltr'><strong>Priapusveroloecrruditatemdeeignet:</strong></span> 
     </span>
     <span class='ocr_line' id='line_1_19' title="bbox 212 2319 1244 2371; baseline -0.003 -2"><span class='ocrx_word' id='word_1_152' title='bbox 212 2321 295 2369; x_wconf 89' lang='lat' dir='ltr'><strong>Porro</strong></span> <span class='ocrx_word' id='word_1_153' title='bbox 315 2322 378 2370; x_wconf 87' lang='lat' dir='ltr'><strong>mire</strong></span> <span class='ocrx_word' id='word_1_154' title='bbox 396 2320 437 2369; x_wconf 87' lang='lat' dir='ltr'><strong>hic</strong></span> <span class='ocrx_word' id='word_1_155' title='bbox 454 2321 622 2369; x_wconf 86' lang='lat' dir='ltr'><strong>Deaatrorum</strong></span> <span class='ocrx_word' id='word_1_156' title='bbox 639 2320 739 2369; x_wconf 79' lang='lat' dir='ltr'><strong>vaniter</strong></span> <span class='ocrx_word' id='word_1_157' title='bbox 779 2327 847 2370; x_wconf 81' lang='lat' dir='ltr'><strong>teste</strong></span> <span class='ocrx_word' id='word_1_158' title='bbox 857 2321 998 2371; x_wconf 72' lang='lat' dir='ltr'><strong>Plutarcho</strong></span> <span class='ocrx_word' id='word_1_159' title='bbox 1009 2321 1042 2370; x_wconf 84' lang='lat' dir='ltr'><strong>dc</strong></span> <span class='ocrx_word' id='word_1_160' title='bbox 1055 2320 1122 2369; x_wconf 83' lang='lat' dir='ltr'><strong>laide</strong></span> <span class='ocrx_word' id='word_1_161' title='bbox 1134 2327 1162 2369; x_wconf 91' lang='lat' dir='ltr'><strong>et</strong></span> <span class='ocrx_word' id='word_1_162' title='bbox 1174 2319 1244 2370; x_wconf 89' lang='lat' dir='ltr'><strong>Orir.</strong></span> 
     </span>
     <span class='ocr_line' id='line_1_20' title="bbox 213 2394 1305 2461; baseline 0.005 -18"><span class='ocrx_word' id='word_1_163' title='bbox 213 2402 240 2443; x_wconf 87' lang='lat' dir='ltr'><strong>et</strong></span> <span class='ocrx_word' id='word_1_164' title='bbox 251 2394 349 2444; x_wconf 78' lang='lat' dir='ltr'><strong>intritae</strong></span> <span class='ocrx_word' id='word_1_165' title='bbox 358 2395 518 2458; x_wconf 66' lang='lat' dir='ltr'><strong>suggillatur.</strong></span> <span class='ocrx_word' id='word_1_166' title='bbox 549 2394 626 2444; x_wconf 79' lang='lat' dir='ltr'><strong>Unde</strong></span> <span class='ocrx_word' id='word_1_167' title='bbox 634 2395 662 2443; x_wconf 82' lang='lat' dir='ltr'><strong>S.</strong></span> <span class='ocrx_word' id='word_1_168' title='bbox 675 2395 738 2445; x_wconf 83' lang='lat' dir='ltr'><strong>Hie·</strong></span> <span class='ocrx_word' id='word_1_169' title='bbox 810 2404 826 2449; x_wconf 84' lang='grc'>4</span> <span class='ocrx_word' id='word_1_170' title='bbox 844 2400 919 2449; x_wconf 82' lang='lat' dir='ltr'><strong>Furer</strong></span> <span class='ocrx_word' id='word_1_171' title='bbox 928 2399 1120 2461; x_wconf 68' lang='lat' dir='ltr'><strong>oemocoircet]</strong></span> <span class='ocrx_word' id='word_1_172' title='bbox 1133 2397 1240 2447; x_wconf 87' lang='lat' dir='ltr'><strong>Diodor.</strong></span> <span class='ocrx_word' id='word_1_173' title='bbox 1251 2397 1305 2449; x_wconf 85' lang='lat' dir='ltr'><strong>Sic.</strong></span> 
     </span>
     <span class='ocr_line' id='line_1_21' title="bbox 212 2470 1304 2538; baseline 0 -19"><span class='ocrx_word' id='word_1_174' title='bbox 212 2485 311 2534; x_wconf 82' lang='lat' dir='ltr'><strong>ronym.</strong></span> <span class='ocrx_word' id='word_1_175' title='bbox 333 2472 379 2521; x_wconf 90' lang='lat' dir='ltr'><strong>lib.</strong></span> <span class='ocrx_word' id='word_1_176' title='bbox 397 2484 449 2521; x_wconf 85' lang='lat' dir='ltr'><strong>xrr.</strong></span> <span class='ocrx_word' id='word_1_177' title='bbox 468 2470 494 2520; x_wconf 90' lang='lat' dir='ltr'><strong>iu</strong></span> <span class='ocrx_word' id='word_1_178' title='bbox 514 2470 738 2534; x_wconf 79' lang='lat' dir='ltr'><strong>laal.cap.1n1v.</strong></span> <span class='ocrx_word' id='word_1_179' title='bbox 778 2474 824 2523; x_wconf 93' lang='lat' dir='ltr'><strong>cit.</strong></span> <span class='ocrx_word' id='word_1_180' title='bbox 841 2474 969 2538; x_wconf 82' lang='lat' dir='ltr'><strong>‘Priapne</strong></span> <span class='ocrx_word' id='word_1_181' title='bbox 991 2472 1139 2521; x_wconf 85' lang='lat' dir='ltr'><strong>nouaclum</strong></span> <span class='ocrx_word' id='word_1_182' title='bbox 1157 2471 1183 2519; x_wconf 92' lang='lat' dir='ltr'><strong>io</strong></span> <span class='ocrx_word' id='word_1_183' title='bbox 1202 2472 1304 2520; x_wconf 86' lang='lat' dir='ltr'><strong>urbium</strong></span> 
     </span>
     <span class='ocr_line' id='line_1_22' title="bbox 211 2544 1304 2613; baseline 0.003 -20"><span class='ocrx_word' id='word_1_184' title='bbox 211 2545 259 2595; x_wconf 84' lang='lat' dir='ltr'><strong>cub</strong></span> <span class='ocrx_word' id='word_1_185' title='bbox 269 2546 345 2594; x_wconf 80' lang='lat' dir='ltr'><strong>finem</strong></span> <span class='ocrx_word' id='word_1_186' title='bbox 356 2547 393 2595; x_wconf 84' lang='lat' dir='ltr'><strong>ita</strong></span> <span class='ocrx_word' id='word_1_187' title='bbox 402 2544 508 2595; x_wconf 82' lang='lat' dir='ltr'><strong>ocribit:</strong></span> <span class='ocrx_word' id='word_1_188' title='bbox 525 2546 649 2594; x_wconf 74' lang='lat' dir='ltr'><strong>‘Flaccos</strong></span> <span class='ocrx_word' id='word_1_189' title='bbox 661 2546 686 2593; x_wconf 92' lang='lat' dir='ltr'><strong>in</strong></span> <span class='ocrx_word' id='word_1_190' title='bbox 698 2560 737 2594; x_wconf 86' lang='lat' dir='ltr'><strong>aa·</strong></span> <span class='ocrx_word' id='word_1_191' title='bbox 777 2550 889 2613; x_wconf 73' lang='lat' dir='ltr'><strong>templis,</strong></span> <span class='ocrx_word' id='word_1_192' title='bbox 899 2548 944 2597; x_wconf 81' lang='lat' dir='ltr'><strong>aeri</strong></span> <span class='ocrx_word' id='word_1_193' title='bbox 963 2556 991 2597; x_wconf 87' lang='lat' dir='ltr'><strong>ct</strong></span> <span class='ocrx_word' id='word_1_194' title='bbox 1006 2548 1031 2595; x_wconf 92' lang='lat' dir='ltr'><strong>in</strong></span> <span class='ocrx_word' id='word_1_195' title='bbox 1049 2544 1191 2609; x_wconf 71' lang='lat' dir='ltr'><strong>agrestibus</strong></span> <span class='ocrx_word' id='word_1_196' title='bbox 1202 2558 1304 2609; x_wconf 84' lang='lat' dir='ltr'><strong>quoqne</strong></span> 
     </span>
     <span class='ocr_line' id='line_1_23' title="bbox 211 2619 1304 2687; baseline 0 -18"><span class='ocrx_word' id='word_1_197' title='bbox 211 2622 270 2677; x_wconf 85' lang='lat' dir='ltr'><strong>tira.</strong></span> <span class='ocrx_word' id='word_1_198' title='bbox 280 2620 676 2683; x_wconf 75' lang='lat' dir='ltr'><strong>deridenssimulacragentium‚</strong></span> <span class='ocrx_word' id='word_1_199' title='bbox 685 2620 738 2680; x_wconf 86' lang='lat' dir='ltr'><strong>ait;</strong></span> <span class='ocrx_word' id='word_1_200' title='bbox 777 2624 842 2672; x_wconf 78' lang='lat' dir='ltr'><strong>locis</strong></span> <span class='ocrx_word' id='word_1_201' title='bbox 856 2631 976 2687; x_wconf 87' lang='lat' dir='ltr'><strong>tanquam</strong></span> <span class='ocrx_word' id='word_1_202' title='bbox 988 2622 1118 2669; x_wconf 83' lang='lat' dir='ltr'><strong>uinearum</strong></span> <span class='ocrx_word' id='word_1_203' title='bbox 1130 2625 1206 2683; x_wconf 86' lang='lat' dir='ltr'><strong>atque</strong></span> <span class='ocrx_word' id='word_1_204' title='bbox 1217 2619 1304 2669; x_wconf 85' lang='lat' dir='ltr'><strong>horto·</strong></span> 
     </span>
     <span class='ocr_line' id='line_1_24' title="bbox 213 2692 1305 2757; baseline -0.001 -12"><span class='ocrx_word' id='word_1_205' title='bbox 213 2695 297 2745; x_wconf 85' lang='lat' dir='ltr'><strong>‘Olim</strong></span> <span class='ocrx_word' id='word_1_206' title='bbox 310 2704 416 2746; x_wconf 82' lang='lat' dir='ltr'><strong>truncus</strong></span> <span class='ocrx_word' id='word_1_207' title='bbox 428 2694 593 2754; x_wconf 80' lang='lat' dir='ltr'><strong>eram,’&#39;&amp;c.</strong></span> <span class='ocrx_word' id='word_1_208' title='bbox 777 2712 833 2747; x_wconf 82' lang='lat' dir='ltr'><strong>rum</strong></span> <span class='ocrx_word' id='word_1_209' title='bbox 855 2704 942 2746; x_wconf 84' lang='lat' dir='ltr'><strong>cuatoa</strong></span> <span class='ocrx_word' id='word_1_210' title='bbox 964 2696 1067 2757; x_wconf 89' lang='lat' dir='ltr'><strong>colitur,</strong></span> <span class='ocrx_word' id='word_1_211' title='bbox 1086 2692 1217 2744; x_wconf 81' lang='lat' dir='ltr'><strong>fructuum</strong></span> <span class='ocrx_word' id='word_1_212' title='bbox 1234 2694 1305 2744; x_wconf 84' lang='lat' dir='ltr'><strong>lurea</strong></span> 
     </span>
    </p>

    <p class='ocr_par' dir='ltr' id='par_1_8' title="bbox 210 2769 1304 3123">
     <span class='ocr_line' id='line_1_25' title="bbox 245 2769 1303 2836; baseline 0.001 -17"><span class='ocrx_word' id='word_1_213' title='bbox 245 2770 350 2820; x_wconf 73' lang='lat' dir='ltr'><strong>linum</strong></span> <span class='ocrx_word' id='word_1_214' title='bbox 365 2770 442 2833; x_wconf 70' lang='lat' dir='ltr'><strong>nora]</strong></span> <span class='ocrx_word' id='word_1_215' title='bbox 458 2770 501 2820; x_wconf 80' lang='lat' dir='ltr'><strong>Sic</strong></span> <span class='ocrx_word' id='word_1_216' title='bbox 519 2771 640 2832; x_wconf 86' lang='lat' dir='ltr'><strong>Propert.</strong></span> <span class='ocrx_word' id='word_1_217' title='bbox 654 2783 695 2821; x_wconf 85' lang='grc' dir='ltr'><strong>ιν.</strong></span> <span class='ocrx_word' id='word_1_218' title='bbox 711 2775 737 2820; x_wconf 75' lang='lat'><strong>2.</strong></span> <span class='ocrx_word' id='word_1_219' title='bbox 777 2772 928 2836; x_wconf 65' lang='lat' dir='ltr'><strong>castigans!</strong></span> <span class='ocrx_word' id='word_1_220' title='bbox 954 2771 1023 2820; x_wconf 84' lang='lat' dir='ltr'><strong>Hinc</strong></span> <span class='ocrx_word' id='word_1_221' title='bbox 1036 2769 1126 2819; x_wconf 82' lang='lat' dir='ltr'><strong>falcem</strong></span> <span class='ocrx_word' id='word_1_222' title='bbox 1138 2770 1251 2832; x_wconf 74' lang='lat' dir='ltr'><strong>ligneam</strong></span> <span class='ocrx_word' id='word_1_223' title='bbox 1265 2777 1303 2820; x_wconf 86' lang='lat' dir='ltr'><strong>le·</strong></span> 
     </span>
     <span class='ocr_line' id='line_1_26' title="bbox 210 2843 1304 2911; baseline 0.002 -18"><span class='ocrx_word' id='word_1_224' title='bbox 210 2846 368 2894; x_wconf 86' lang='lat' dir='ltr'><strong>Vertnmnna</strong></span> <span class='ocrx_word' id='word_1_225' title='bbox 376 2844 409 2893; x_wconf 86' lang='lat' dir='ltr'><strong>de</strong></span> <span class='ocrx_word' id='word_1_226' title='bbox 420 2844 535 2893; x_wconf 80' lang='lat' dir='ltr'><strong>aedicit:</strong></span> <span class='ocrx_word' id='word_1_227' title='bbox 552 2843 655 2907; x_wconf 79' lang='lat' dir='ltr'><strong>‘Stipeu</strong></span> <span class='ocrx_word' id='word_1_228' title='bbox 665 2858 737 2893; x_wconf 84' lang='lat' dir='ltr'><strong>acer·</strong></span> <span class='ocrx_word' id='word_1_229' title='bbox 777 2861 841 2897; x_wconf 85' lang='lat' dir='ltr'><strong>nana</strong></span> <span class='ocrx_word' id='word_1_230' title='bbox 852 2846 1005 2911; x_wconf 70' lang='lat' dir='ltr'><strong>lingebatur,</strong></span> <span class='ocrx_word' id='word_1_231' title='bbox 1017 2846 1090 2909; x_wconf 79' lang='lat' dir='ltr'><strong>quari</strong></span> <span class='ocrx_word' id='word_1_232' title='bbox 1106 2843 1178 2894; x_wconf 79' lang='lat' dir='ltr'><strong>suros</strong></span> <span class='ocrx_word' id='word_1_233' title='bbox 1189 2846 1232 2894; x_wconf 84' lang='lat' dir='ltr'><strong>illa</strong></span> <span class='ocrx_word' id='word_1_234' title='bbox 1243 2861 1304 2895; x_wconf 91' lang='lat' dir='ltr'><strong>con·</strong></span> 
     </span>
     <span class='ocr_line' id='line_1_27' title="bbox 210 2915 1303 2985; baseline -0.001 -15"><span class='ocrx_word' id='word_1_235' title='bbox 210 2935 257 2970; x_wconf 87' lang='lat' dir='ltr'><strong>nna</strong></span> <span class='ocrx_word' id='word_1_236' title='bbox 275 2934 346 2971; x_wconf 88' lang='lat' dir='ltr'><strong>eram</strong></span> <span class='ocrx_word' id='word_1_237' title='bbox 368 2918 517 2983; x_wconf 79' lang='lat' dir='ltr'><strong>properanti</strong></span> <span class='ocrx_word' id='word_1_238' title='bbox 539 2915 607 2967; x_wconf 74' lang='lat' dir='ltr'><strong>falce</strong></span> <span class='ocrx_word' id='word_1_239' title='bbox 627 2917 739 2980; x_wconf 78' lang='lat' dir='ltr'><strong>dolatur,</strong></span> <span class='ocrx_word' id='word_1_240' title='bbox 775 2920 1151 2985; x_wconf 70' lang='lat' dir='ltr'><strong>foaaurua,aeuprostraturus.</strong></span> <span class='ocrx_word' id='word_1_241' title='bbox 1169 2918 1303 2971; x_wconf 88' lang='lat' dir='ltr'><strong>Columell.</strong></span> 
     </span>
     <span class='ocr_line' id='line_1_28' title="bbox 210 2994 1302 3061; baseline -0.001 -14"><span class='ocrx_word' id='word_1_242' title='bbox 210 2998 280 3049; x_wconf 83' lang='lat' dir='ltr'><strong>Anto</strong></span> <span class='ocrx_word' id='word_1_243' title='bbox 300 2998 410 3047; x_wconf 86' lang='lat' dir='ltr'><strong>Numam</strong></span> <span class='ocrx_word' id='word_1_244' title='bbox 427 3004 502 3061; x_wconf 74' lang='lat' dir='ltr'><strong>grata</strong></span> <span class='ocrx_word' id='word_1_245' title='bbox 519 3009 616 3059; x_wconf 80' lang='lat' dir='ltr'><strong>pauper</strong></span> <span class='ocrx_word' id='word_1_246' title='bbox 632 2994 657 3043; x_wconf 92' lang='lat' dir='ltr'><strong>in</strong></span> <span class='ocrx_word' id='word_1_247' title='bbox 672 2995 736 3045; x_wconf 88' lang='lat' dir='ltr'><strong>urbe</strong></span> <span class='ocrx_word' id='word_1_248' title='bbox 775 2994 809 3045; x_wconf 86' lang='lat' dir='ltr'><strong>(le</strong></span> <span class='ocrx_word' id='word_1_249' title='bbox 828 2997 969 3045; x_wconf 85' lang='lat' dir='ltr'><strong>Hortorum</strong></span> <span class='ocrx_word' id='word_1_250' title='bbox 981 2995 1068 3056; x_wconf 85' lang='lat' dir='ltr'><strong>Cultu,</strong></span> <span class='ocrx_word' id='word_1_251' title='bbox 1086 2994 1123 3043; x_wconf 86' lang='lat' dir='ltr'><strong>ita</strong></span> <span class='ocrx_word' id='word_1_252' title='bbox 1138 2994 1171 3042; x_wconf 87' lang='lat' dir='ltr'><strong>dc</strong></span> <span class='ocrx_word' id='word_1_253' title='bbox 1188 2994 1302 3057; x_wconf 85' lang='lat' dir='ltr'><strong>Priapo:</strong></span> 
     </span>
     <span class='ocr_line' id='line_1_29' title="bbox 210 3067 1302 3123; baseline -0.004 -1"><span class='ocrx_word' id='word_1_254' title='bbox 210 3071 304 3123; x_wconf 69' lang='lat' dir='ltr'><strong>Deua!</strong></span> <span class='ocrx_word' id='word_1_255' title='bbox 775 3071 841 3121; x_wconf 84' lang='lat' dir='ltr'><strong>‘Sed</strong></span> <span class='ocrx_word' id='word_1_256' title='bbox 854 3079 972 3120; x_wconf 89' lang='lat' dir='ltr'><strong>truncum</strong></span> <span class='ocrx_word' id='word_1_257' title='bbox 989 3068 1056 3118; x_wconf 81' lang='lat' dir='ltr'><strong>forte</strong></span> <span class='ocrx_word' id='word_1_258' title='bbox 1069 3069 1182 3117; x_wconf 87' lang='lat' dir='ltr'><strong>dolatum</strong></span> <span class='ocrx_word' id='word_1_259' title='bbox 1194 3067 1302 3118; x_wconf 81' lang='lat' dir='ltr'><strong>Arborio</strong></span> 
     </span>
    </p>

    <p class='ocr_par' dir='ltr' id='par_1_9' title="bbox 209 3141 1302 3286">
     <span class='ocr_line' id='line_1_30' title="bbox 244 3141 1302 3212; baseline -0.007 -14"><span class='ocrx_word' id='word_1_260' title='bbox 244 3148 351 3198; x_wconf 70' lang='lat' dir='ltr'><strong>ruam</strong></span> <span class='ocrx_word' id='word_1_261' title='bbox 364 3144 614 3212; x_wconf 72' lang='lat' dir='ltr'><strong>ficalraa1&#39;l&#39;roncna</strong></span> <span class='ocrx_word' id='word_1_262' title='bbox 635 3143 678 3195; x_wconf 86' lang='lat' dir='ltr'><strong>liei</strong></span> <span class='ocrx_word' id='word_1_263' title='bbox 695 3160 735 3195; x_wconf 89' lang='lat' dir='ltr'><strong>ar·</strong></span> <span class='ocrx_word' id='word_1_264' title='bbox 776 3147 899 3210; x_wconf 66' lang='lat' dir='ltr'><strong>antiqua,</strong></span> <span class='ocrx_word' id='word_1_265' title='bbox 910 3158 1003 3193; x_wconf 86' lang='lat' dir='ltr'><strong>numen</strong></span> <span class='ocrx_word' id='word_1_266' title='bbox 1015 3156 1139 3193; x_wconf 83' lang='lat' dir='ltr'><strong>venerare</strong></span> <span class='ocrx_word' id='word_1_267' title='bbox 1150 3141 1302 3205; x_wconf 67' lang='lat' dir='ltr'><strong>inruptioni,</strong></span> 
     </span>
     <span class='ocr_line' id='line_1_31' title="bbox 209 3216 1301 3286; baseline -0.003 -14"><span class='ocrx_word' id='word_1_268' title='bbox 209 3223 285 3273; x_wconf 80' lang='lat' dir='ltr'><strong>borio.</strong></span> <span class='ocrx_word' id='word_1_269' title='bbox 774 3252 815 3271; x_wconf 83' lang='lat'><strong>...</strong></span> <span class='ocrx_word' id='word_1_270' title='bbox 828 3220 928 3271; x_wconf 88' lang='lat' dir='ltr'><strong>.medio</strong></span> <span class='ocrx_word' id='word_1_271' title='bbox 948 3219 991 3286; x_wconf 87' lang='lat' dir='ltr'><strong>qui</strong></span> <span class='ocrx_word' id='word_1_272' title='bbox 1007 3232 1109 3281; x_wconf 85' lang='lat' dir='ltr'><strong>aempcr</strong></span> <span class='ocrx_word' id='word_1_273' title='bbox 1126 3216 1152 3265; x_wconf 93' lang='lat' dir='ltr'><strong>in</strong></span> <span class='ocrx_word' id='word_1_274' title='bbox 1175 3217 1249 3267; x_wconf 88' lang='lat' dir='ltr'><strong>lrorto</strong></span> <span class='ocrx_word' id='word_1_275' title='bbox 1259 3252 1265 3267; x_wconf 91' lang='lat'>.</span> <span class='ocrx_word' id='word_1_276' title='bbox 1277 3250 1301 3269; x_wconf 83' lang='lat'><strong>..</strong></span> 
     </span>
    </p>

    <p class='ocr_par' dir='ltr' id='par_1_10' title="bbox 207 3292 1301 3584">
     <span class='ocr_line' id='line_1_32' title="bbox 241 3292 1301 3361; baseline -0.001 -16"><span class='ocrx_word' id='word_1_277' title='bbox 241 3296 331 3345; x_wconf 72' lang='lat' dir='ltr'><strong>Inutile</strong></span> <span class='ocrx_word' id='word_1_278' title='bbox 351 3294 454 3359; x_wconf 56' lang='lat' dir='ltr'><strong>lkaaut]</strong></span> <span class='ocrx_word' id='word_1_279' title='bbox 482 3292 590 3343; x_wconf 86' lang='lat' dir='ltr'><strong>Minime</strong></span> <span class='ocrx_word' id='word_1_280' title='bbox 611 3300 674 3357; x_wconf 86' lang='lat' dir='ltr'><strong>apta</strong></span> <span class='ocrx_word' id='word_1_281' title='bbox 700 3292 733 3343; x_wconf 84' lang='lat' dir='ltr'><strong>ad</strong></span> <span class='ocrx_word' id='word_1_282' title='bbox 773 3293 1106 3361; x_wconf 74' lang='lat' dir='ltr'><strong>pradonit‘alceminatur.&#39;</strong></span> <span class='ocrx_word' id='word_1_283' title='bbox 1123 3292 1301 3357; x_wconf 75' lang='lat' dir='ltr'><strong>Virg.Georg.</strong></span> 
     </span>
     <span class='ocr_line' id='line_1_33' title="bbox 209 3366 1300 3435; baseline -0.004 -15"><span class='ocrx_word' id='word_1_284' title='bbox 209 3386 274 3435; x_wconf 88' lang='lat' dir='ltr'><strong>opna</strong></span> <span class='ocrx_word' id='word_1_285' title='bbox 285 3372 402 3431; x_wconf 86' lang='lat' dir='ltr'><strong>materia,</strong></span> <span class='ocrx_word' id='word_1_286' title='bbox 416 3370 450 3419; x_wconf 80' lang='lat' dir='ltr'><strong>ol)</strong></span> <span class='ocrx_word' id='word_1_287' title='bbox 464 3368 643 3432; x_wconf 78' lang='lat' dir='ltr'><strong>fragilitatem.</strong></span> <span class='ocrx_word' id='word_1_288' title='bbox 676 3372 733 3421; x_wconf 81' lang='lat' dir='ltr'><strong>Quo</strong></span> <span class='ocrx_word' id='word_1_289' title='bbox 774 3386 813 3420; x_wconf 78' lang='lat' dir='ltr'><strong>ru.</strong></span> <span class='ocrx_word' id='word_1_290' title='bbox 826 3376 881 3420; x_wconf 87' lang='lat' dir='ltr'><strong>tto.</strong></span> <span class='ocrx_word' id='word_1_291' title='bbox 898 3372 951 3420; x_wconf 78' lang='lat' dir='ltr'><strong>‘Et</strong></span> <span class='ocrx_word' id='word_1_292' title='bbox 961 3375 1049 3419; x_wconf 84' lang='lat' dir='ltr'><strong>cuatoa</strong></span> <span class='ocrx_word' id='word_1_293' title='bbox 1059 3366 1142 3417; x_wconf 78' lang='lat' dir='ltr'><strong>furum</strong></span> <span class='ocrx_word' id='word_1_294' title='bbox 1156 3375 1234 3430; x_wconf 84' lang='lat' dir='ltr'><strong>atque</strong></span> <span class='ocrx_word' id='word_1_295' title='bbox 1247 3369 1300 3416; x_wconf 87' lang='lat' dir='ltr'><strong>avi-</strong></span> 
     </span>
     <span class='ocr_line' id='line_1_34' title="bbox 209 3442 1300 3509; baseline -0.004 -14"><span class='ocrx_word' id='word_1_296' title='bbox 209 3447 288 3495; x_wconf 84' lang='lat' dir='ltr'><strong>etiam</strong></span> <span class='ocrx_word' id='word_1_297' title='bbox 301 3443 393 3494; x_wconf 78' lang='lat' dir='ltr'><strong>referri</strong></span> <span class='ocrx_word' id='word_1_298' title='bbox 405 3450 500 3509; x_wconf 75' lang='lat' dir='ltr'><strong>potent,</strong></span> <span class='ocrx_word' id='word_1_299' title='bbox 516 3445 585 3509; x_wconf 85' lang='lat' dir='ltr'><strong>quod</strong></span> <span class='ocrx_word' id='word_1_300' title='bbox 600 3446 647 3494; x_wconf 83' lang='lat' dir='ltr'><strong>rub</strong></span> <span class='ocrx_word' id='word_1_301' title='bbox 659 3444 734 3493; x_wconf 87' lang='lat' dir='ltr'><strong>linem</strong></span> <span class='ocrx_word' id='word_1_302' title='bbox 774 3460 816 3494; x_wconf 89' lang='lat' dir='ltr'><strong>um</strong></span> <span class='ocrx_word' id='word_1_303' title='bbox 828 3459 886 3495; x_wconf 86' lang='lat' dir='ltr'><strong>curu</strong></span> <span class='ocrx_word' id='word_1_304' title='bbox 898 3443 963 3493; x_wconf 85' lang='lat' dir='ltr'><strong>l&#39;alce</strong></span> <span class='ocrx_word' id='word_1_305' title='bbox 975 3444 1083 3507; x_wconf 74' lang='lat' dir='ltr'><strong>saligna,</strong></span> <span class='ocrx_word' id='word_1_306' title='bbox 1094 3442 1300 3505; x_wconf 82' lang='lat' dir='ltr'><strong>Hellespontiaci</strong></span> 
     </span>
     <span class='ocr_line' id='line_1_35' title="bbox 207 3517 1075 3584; baseline -0.002 -15"><span class='ocrx_word' id='word_1_307' title='bbox 207 3520 282 3582; x_wconf 81' lang='lat' dir='ltr'><strong>hujua</strong></span> <span class='ocrx_word' id='word_1_308' title='bbox 293 3520 385 3569; x_wconf 65' lang='lat' dir='ltr'><strong>Satira}</strong></span> <span class='ocrx_word' id='word_1_309' title='bbox 401 3519 505 3579; x_wconf 85' lang='lat' dir='ltr'><strong>dicitnr,</strong></span> <span class='ocrx_word' id='word_1_310' title='bbox 526 3517 639 3568; x_wconf 82' lang='lat' dir='ltr'><strong>‘oiffiaaa</strong></span> <span class='ocrx_word' id='word_1_311' title='bbox 656 3519 734 3569; x_wconf 66' lang='lat' dir='ltr'><strong>nate!</strong></span> <span class='ocrx_word' id='word_1_312' title='bbox 774 3528 861 3570; x_wconf 79' lang='lat' dir='ltr'><strong>cerret</strong></span> <span class='ocrx_word' id='word_1_313' title='bbox 873 3521 956 3569; x_wconf 85' lang='lat' dir='ltr'><strong>tutela</strong></span> <span class='ocrx_word' id='word_1_314' title='bbox 967 3518 1075 3584; x_wconf 69' lang='lat' dir='ltr'><strong>Priapi!</strong></span> 
     </span>
    </p>

    <p class='ocr_par' dir='ltr' id='par_1_11' title="bbox 207 3590 1300 3808">
     <span class='ocr_line' id='line_1_36' title="bbox 207 3590 1299 3657; baseline 0.001 -14"><span class='ocrx_word' id='word_1_315' title='bbox 207 3590 257 3643; x_wconf 77' lang='lat' dir='ltr'><strong>Vel</strong></span> <span class='ocrx_word' id='word_1_316' title='bbox 273 3596 366 3654; x_wconf 70' lang='lat' dir='ltr'><strong>maalle,</strong></span> <span class='ocrx_word' id='word_1_317' title='bbox 378 3594 403 3643; x_wconf 84' lang='lat' dir='ltr'><strong>id</strong></span> <span class='ocrx_word' id='word_1_318' title='bbox 415 3601 465 3654; x_wconf 86' lang='lat' dir='ltr'><strong>eat,</strong></span> <span class='ocrx_word' id='word_1_319' title='bbox 481 3593 594 3642; x_wconf 85' lang='lat' dir='ltr'><strong>nondum</strong></span> <span class='ocrx_word' id='word_1_320' title='bbox 609 3594 733 3657; x_wconf 86' lang='lat' dir='ltr'><strong>dolatum,</strong></span> <span class='ocrx_word' id='word_1_321' title='bbox 807 3598 823 3644; x_wconf 78' lang='grc'><strong>6</strong></span> <span class='ocrx_word' id='word_1_322' title='bbox 839 3594 964 3644; x_wconf 76' lang='lat' dir='ltr'><strong>invertire</strong></span> <span class='ocrx_word' id='word_1_323' title='bbox 972 3596 1060 3643; x_wconf 68' lang='lat' dir='ltr'><strong>undo</strong></span> <span class='ocrx_word' id='word_1_324' title='bbox 1070 3590 1225 3657; x_wconf 73' lang='lat' dir='ltr'><strong>Terretfieu]</strong></span> <span class='ocrx_word' id='word_1_325' title='bbox 1240 3590 1299 3645; x_wconf 84' lang='lat' dir='ltr'><strong>Hoc</strong></span> 
     </span>
     <span class='ocr_line' id='line_1_37' title="bbox 207 3665 1300 3732; baseline -0.002 -15"><span class='ocrx_word' id='word_1_326' title='bbox 207 3668 318 3719; x_wconf 87' lang='lat' dir='ltr'><strong>noudum</strong></span> <span class='ocrx_word' id='word_1_327' title='bbox 328 3666 471 3732; x_wconf 75' lang='lat' dir='ltr'><strong>ineffigiem</strong></span> <span class='ocrx_word' id='word_1_328' title='bbox 481 3666 582 3717; x_wconf 81' lang='lat' dir='ltr'><strong>aliudue</strong></span> <span class='ocrx_word' id='word_1_329' title='bbox 591 3681 655 3731; x_wconf 87' lang='lat' dir='ltr'><strong>opua</strong></span> <span class='ocrx_word' id='word_1_330' title='bbox 664 3665 734 3717; x_wconf 82' lang='lat' dir='ltr'><strong>effic·</strong></span> <span class='ocrx_word' id='word_1_331' title='bbox 773 3668 863 3718; x_wconf 84' lang='lat' dir='ltr'><strong>auibur</strong></span> <span class='ocrx_word' id='word_1_332' title='bbox 875 3670 1111 3718; x_wconf 77' lang='lat' dir='ltr'><strong>terriculamentum</strong></span> <span class='ocrx_word' id='word_1_333' title='bbox 1120 3669 1180 3731; x_wconf 90' lang='lat' dir='ltr'><strong>poni</strong></span> <span class='ocrx_word' id='word_1_334' title='bbox 1192 3667 1300 3717; x_wconf 82' lang='lat' dir='ltr'><strong>colebat.</strong></span> 
     </span>
     <span class='ocr_line' id='line_1_38' title="bbox 208 3742 1298 3808; baseline -0.002 -14"><span class='ocrx_word' id='word_1_335' title='bbox 208 3752 263 3794; x_wconf 89' lang='lat' dir='ltr'><strong>tum</strong></span> <span class='ocrx_word' id='word_1_336' title='bbox 274 3753 301 3794; x_wconf 87' lang='lat' dir='ltr'><strong>et</strong></span> <span class='ocrx_word' id='word_1_337' title='bbox 312 3744 459 3794; x_wconf 80' lang='lat' dir='ltr'><strong>formatum.</strong></span> <span class='ocrx_word' id='word_1_338' title='bbox 771 3744 872 3793; x_wconf 82' lang='lat' dir='ltr'><strong>Tibullo</strong></span> <span class='ocrx_word' id='word_1_339' title='bbox 884 3744 1023 3808; x_wconf 80' lang='lat' dir='ltr'><strong>nacriptunr</strong></span> <span class='ocrx_word' id='word_1_340' title='bbox 1035 3742 1244 3807; x_wconf 76' lang='lat' dir='ltr'><strong>Epigrammaric</strong></span> <span class='ocrx_word' id='word_1_341' title='bbox 1255 3742 1298 3792; x_wconf 84' lang='lat' dir='ltr'><strong>lra-</strong></span> 
     </span>
    </p>

    <p class='ocr_par' dir='ltr' id='par_1_12' title="bbox 207 3816 1299 4183">
     <span class='ocr_line' id='line_1_39' title="bbox 239 3816 1299 3882; baseline -0.002 -13"><span class='ocrx_word' id='word_1_342' title='bbox 239 3825 255 3869; x_wconf 78' lang='lat'>2</span> <span class='ocrx_word' id='word_1_343' title='bbox 272 3820 399 3882; x_wconf 65' lang='lat' dir='ltr'><strong>Purpura]</strong></span> <span class='ocrx_word' id='word_1_344' title='bbox 415 3819 442 3868; x_wconf 85' lang='lat' dir='ltr'><strong>la</strong></span> <span class='ocrx_word' id='word_1_345' title='bbox 463 3816 561 3869; x_wconf 84' lang='lat' dir='ltr'><strong>Bacchi</strong></span> <span class='ocrx_word' id='word_1_346' title='bbox 578 3825 605 3867; x_wconf 87' lang='lat' dir='ltr'><strong>et</strong></span> <span class='ocrx_word' id='word_1_347' title='bbox 623 3818 731 3867; x_wconf 85' lang='lat' dir='ltr'><strong>Veneria</strong></span> <span class='ocrx_word' id='word_1_348' title='bbox 772 3820 832 3868; x_wconf 82' lang='lat' dir='ltr'><strong>bet:</strong></span> <span class='ocrx_word' id='word_1_349' title='bbox 844 3820 964 3881; x_wconf 85' lang='lat' dir='ltr'><strong>‘Placet‚</strong></span> <span class='ocrx_word' id='word_1_350' title='bbox 972 3818 1138 3881; x_wconf 81' lang='lat' dir='ltr'><strong>Priapelqui</strong></span> <span class='ocrx_word' id='word_1_351' title='bbox 1145 3817 1191 3866; x_wconf 86' lang='lat' dir='ltr'><strong>rub</strong></span> <span class='ocrx_word' id='word_1_352' title='bbox 1199 3817 1299 3867; x_wconf 85' lang='lat' dir='ltr'><strong>arborio</strong></span> 
     </span>
     <span class='ocr_line' id='line_1_40' title="bbox 207 3886 1299 3956; baseline -0.005 -12"><span class='ocrx_word' id='word_1_353' title='bbox 207 3894 275 3945; x_wconf 75' lang='lat' dir='ltr'><strong>lilino</strong></span> <span class='ocrx_word' id='word_1_354' title='bbox 285 3895 367 3947; x_wconf 83' lang='lat' dir='ltr'><strong>lnortia</strong></span> <span class='ocrx_word' id='word_1_355' title='bbox 376 3908 488 3956; x_wconf 65' lang='lat' dir='ltr'><strong>procare</strong></span> <span class='ocrx_word' id='word_1_356' title='bbox 497 3896 567 3943; x_wconf 84' lang='lat' dir='ltr'><strong>velot</strong></span> <span class='ocrx_word' id='word_1_357' title='bbox 578 3900 663 3944; x_wconf 85' lang='lat' dir='ltr'><strong>cuatoa</strong></span> <span class='ocrx_word' id='word_1_358' title='bbox 675 3907 730 3942; x_wconf 88' lang='lat' dir='ltr'><strong>cre·</strong></span> <span class='ocrx_word' id='word_1_359' title='bbox 771 3908 845 3943; x_wconf 88' lang='lat' dir='ltr'><strong>coma</strong></span> <span class='ocrx_word' id='word_1_360' title='bbox 856 3894 928 3943; x_wconf 83' lang='lat' dir='ltr'><strong>Solea</strong></span> <span class='ocrx_word' id='word_1_361' title='bbox 939 3908 1038 3944; x_wconf 79' lang='lat' dir='ltr'><strong>oncrum</strong></span> <span class='ocrx_word' id='word_1_362' title='bbox 1051 3886 1165 3942; x_wconf 77' lang='lat' dir='ltr'><strong>revincto</strong></span> <span class='ocrx_word' id='word_1_363' title='bbox 1177 3892 1299 3956; x_wconf 86' lang='lat' dir='ltr'><strong>pampino</strong></span> 
     </span>
     <span class='ocr_line' id='line_1_41' title="bbox 208 3965 1297 4039; baseline -0.005 -20"><span class='ocrx_word' id='word_1_364' title='bbox 208 3970 328 4021; x_wconf 83' lang='lat' dir='ltr'><strong>debatur.</strong></span> <span class='ocrx_word' id='word_1_365' title='bbox 361 3968 470 4039; x_wconf 35' lang='lat' dir='ltr'><strong>Diodori</strong></span> <span class='ocrx_word' id='word_1_366' title='bbox 485 3969 538 4018; x_wconf 84' lang='lat' dir='ltr'><strong>Sir.</strong></span> <span class='ocrx_word' id='word_1_367' title='bbox 550 3984 577 4019; x_wconf 82' lang='lat' dir='ltr'><strong>v.</strong></span> <span class='ocrx_word' id='word_1_368' title='bbox 587 3974 610 4019; x_wconf 92' lang='lat' dir='ltr'><strong>l.</strong></span> <span class='ocrx_word' id='word_1_369' title='bbox 622 3984 680 4018; x_wconf 83' lang='lat' dir='ltr'><strong>mox</strong></span> <span class='ocrx_word' id='word_1_370' title='bbox 695 3971 731 4019; x_wconf 88' lang='lat' dir='ltr'><strong>ci·</strong></span> <span class='ocrx_word' id='word_1_371' title='bbox 771 3968 1045 4032; x_wconf 79' lang='lat' dir='ltr'><strong>capnrltnberaedere</strong></span> <span class='ocrx_word' id='word_1_372' title='bbox 1056 4000 1095 4019; x_wconf 89' lang='lat'><strong>...</strong></span> <span class='ocrx_word' id='word_1_373' title='bbox 1107 3982 1177 4031; x_wconf 79' lang='lat' dir='ltr'><strong>aaepe</strong></span> <span class='ocrx_word' id='word_1_374' title='bbox 1191 3965 1297 4016; x_wconf 77' lang='lat' dir='ltr'><strong>floribus</strong></span> 
     </span>
     <span class='ocr_line' id='line_1_42' title="bbox 208 4043 1297 4109; baseline -0.004 -15"><span class='ocrx_word' id='word_1_375' title='bbox 208 4046 278 4096; x_wconf 79' lang='lat' dir='ltr'><strong>tauri.</strong></span> <span class='ocrx_word' id='word_1_376' title='bbox 310 4046 375 4108; x_wconf 83' lang='lat' dir='ltr'><strong>Ejna</strong></span> <span class='ocrx_word' id='word_1_377' title='bbox 389 4050 477 4095; x_wconf 83' lang='lat' dir='ltr'><strong>atatua</strong></span> <span class='ocrx_word' id='word_1_378' title='bbox 493 4044 562 4093; x_wconf 86' lang='lat' dir='ltr'><strong>rudia</strong></span> <span class='ocrx_word' id='word_1_379' title='bbox 576 4054 604 4095; x_wconf 86' lang='lat' dir='ltr'><strong>et</strong></span> <span class='ocrx_word' id='word_1_380' title='bbox 619 4043 732 4094; x_wconf 80' lang='lat' dir='ltr'><strong>informia</strong></span> <span class='ocrx_word' id='word_1_381' title='bbox 772 4045 843 4093; x_wconf 78' lang='lat' dir='ltr'><strong>novis</strong></span> <span class='ocrx_word' id='word_1_382' title='bbox 853 4044 920 4094; x_wconf 80' lang='lat' dir='ltr'><strong>&#39;luae</strong></span> <span class='ocrx_word' id='word_1_383' title='bbox 930 4044 984 4095; x_wconf 87' lang='lat' dir='ltr'><strong>aino</strong></span> <span class='ocrx_word' id='word_1_384' title='bbox 1002 4051 1058 4094; x_wconf 83' lang='lat' dir='ltr'><strong>arte</strong></span> <span class='ocrx_word' id='word_1_385' title='bbox 1070 4043 1238 4109; x_wconf 72' lang='lat' dir='ltr'><strong>deligarimur</strong></span> <span class='ocrx_word' id='word_1_386' title='bbox 1254 4056 1297 4090; x_wconf 90' lang='lat' dir='ltr'><strong>co·</strong></span> 
     </span>
     <span class='ocr_line' id='line_1_43' title="bbox 207 4116 840 4183; baseline -0.002 -14"><span class='ocrx_word' id='word_1_387' title='bbox 207 4122 368 4183; x_wconf 76' lang='lat' dir='ltr'><strong>ponebaturr</strong></span> <span class='ocrx_word' id='word_1_388' title='bbox 384 4118 453 4180; x_wconf 71' lang='lat' dir='ltr'><strong>node</strong></span> <span class='ocrx_word' id='word_1_389' title='bbox 474 4132 507 4169; x_wconf 83' lang='lat' dir='ltr'><strong>ea</strong></span> <span class='ocrx_word' id='word_1_390' title='bbox 528 4118 580 4168; x_wconf 87' lang='lat' dir='ltr'><strong>licn</strong></span> <span class='ocrx_word' id='word_1_391' title='bbox 602 4126 631 4170; x_wconf 89' lang='lat' dir='ltr'><strong>ut</strong></span> <span class='ocrx_word' id='word_1_392' title='bbox 653 4120 731 4183; x_wconf 92' lang='lat' dir='ltr'><strong>pluri·</strong></span> <span class='ocrx_word' id='word_1_393' title='bbox 771 4116 840 4169; x_wconf 76' lang='lat' dir='ltr'><strong>nrau’</strong></span> 
     </span>
    </p>
   </div>
   <div class='ocr_carea' id='block_1_7' title="bbox 0 0 1580 4892">
    <p class='ocr_par' dir='ltr' id='par_1_13' title="bbox 0 0 1580 4892">
     <span class='ocr_line' id='line_1_44' title="bbox 0 0 1580 4892; baseline 0 5"><span class='ocrx_word' id='word_1_394' title='bbox 0 0 1580 4892; x_wconf 95' lang='lat' dir='ltr'><strong> </strong></span> 
     </span>
    </p>
   </div>
  </div>
 </body>
</html>
