3150 4892
544 400 752 455 sauuonun
780 403 854 455 aru.
878 403 902 450 1.
921 388 955 453 i.

201 542 307 625 Inque
319 541 429 605 nicom
442 541 573 605 illorum
586 543 697 624 patiar
709 543 836 630 delicta
850 543 1003 621 libenter,

201 643 427 723 Privotnsqno
442 643 548 722 magis
563 644 676 722 vivum
691 652 724 710 to
739 663 813 725 roge
830 645 956 709 boatus.
1026 640 1029 650 '

195 817 329 938 §siliciam
343 822 367 866 et
377 817 479 867 uicinius
488 818 583 867 dumos
597 822 693 882 peuoto
702 818 780 878 sociis
792 821 902 885 tolerabo,
917 828 988 887 nique
998 824 1076 875 monas
1085 817 1193 891 priuatas
1203 833 1226 879 ts
1235 842 1290 896 repe

233 896 301 931 soror.

649 960 833 985 ‘mm

203 1072 310 1121 Torserat.
342 1072 421 1123 ‘Non
433 1074 569 1138 quicquam
581 1074 650 1124 vaist
661 1074 706 1124 iila
717 1075 789 1125 docti
802 1075 848 1126 viri
861 1076 928 1143 apud
940 1076 1088 1129 Lambiunm
1100 1080 1176 1142 ratio,
1193 1088 1292 1141 possse·

200 1150 266 1184 marn
278 1136 400 1199 spilabam
410 1138 482 1185 verbi
491 1153 615 1200 peccavero
627 1146 735 1204 propter
743 1138 807 1187 duas
824 1150 993 1190 consonantes
1006 1143 1033 1190 in
1044 1144 1132 1192 ciuitas
1141 1145 1291 1207 productam

201 1214 272 1248 assa:
292 1214 350 1249 nam
360 1201 497 1249 Lambinus
516 1201 563 1249 isoc
583 1202 615 1250 ab
635 1202 747 1252 Horatio
758 1201 872 1253 studiose
888 1219 938 1252 nnn
951 1206 1028 1255 vitari
1048 1206 1147 1255 dnobus
1166 1222 1240 1258 exem
1262 1212 1291 1259 iis

200 1263 321 1313 ostendit.
353 1264 503 1315 Conantem
518 1266 679 1314 imminutum
693 1280 790 1328 prosam
807 1280 858 1316 non
874 1268 1000 1331 integrum
1016 1284 1139 1332 pessmus
1155 1271 1228 1335 lapan
1250 1288 1291 1323 um
1325 1285 1329 1296 ·

200 1327 246 1385 sit,
258 1337 283 1375 ta
300 1328 333 1377 V.
350 1328 391 1380 ci.
405 1329 501 1379 docara
515 1343 567 1381 nou
582 1330 718 1387 morabor.
750 1330 823 1381 Intar
841 1332 919 1391 iocos,
937 1334 1030 1395 quinos
1041 1334 1169 1385 soioonur
1181 1338 1292 1389 Horatio

201 1405 270 1439 coras
282 1390 361 1440 inissa
373 1406 503 1450 numeros,
513 1402 555 1447 est
566 1400 593 1441 et
604 1394 662 1442 istos
681 1408 739 1443 usur
751 1393 776 1441 in
788 1394 946 1445 Hexansetro
960 1410 1034 1445 verso
1045 1398 1187 1461 Spondaens
1206 1402 1292 1463 potios

200 1468 276 1517 qnam
290 1455 416 1517 Dactyina
434 1456 459 1504 in
470 1464 563 1519 quarta
579 1456 642 1505 sede
660 1456 721 1521 poni
737 1457 802 1517 ruit,
817 1465 845 1506 et
858 1458 898 1507 hic
909 1458 934 1506 in
948 1459 1046 1521 primis,
1059 1462 1128 1524 qnia,
1139 1462 1186 1523 rei,
1197 1464 1230 1512 de
1242 1479 1293 1528 qna

201 1520 296 1579 agitur,
311 1518 457 1579 spondaeus
478 1534 524 1582 pes
540 1519 648 1582 tristior,
664 1521 745 1585 ansgis
763 1522 902 1572 convenit!
926 1523 1113 1585 Canium-lii
1128 1526 1293 1591 modiusque

201 1582 283 1630 codex
295 1582 368 1632 [said.
379 1589 407 1632 at
418 1596 464 1646 pru
476 1598 500 1635 r.
511 1584 529 1633 Ι.
540 1584 631 1647 Regin.
643 1599 687 1647 ap.
698 1584 786 1633 Benti.

698 1728 806 1778 NOTAE

201 1821 536 1887 scribitz‘Eosctiam,qni
548 1824 728 1887 uonindigcnt
767 1840 844 1888 quiam
863 1837 938 1875 nemo
958 1826 981 1874 ei
1003 1827 1121 1891 ignoscat
1123 1862 1206 1880 .....
1217 1830 1292 1881 Man·

200 1898 339 1947 clementis
350 1898 435 1958 ullius,
445 1898 505 1947 sinit
517 1900 596 1962 magis
604 1912 679 1963 quasa
689 1901 727 1949 ie·
766 1900 856 1949 demna
864 1903 992 1951 memoriae
1006 1902 1073 1967 qnod
1085 1904 1124 1953 uir
1135 1905 1292 1969 mitissimus,

202 1972 268 2021 nitas
280 1971 365 2020 decet.
398 1971 486 2035 Atque
500 1986 550 2034 ago
562 1974 727 2037 optimumst
766 1982 795 2025 at
810 1977 844 2023 ob
861 1976 909 2025 hoc
925 1992 1026 2041 qrooqne
1043 1978 1167 2028 maximus
1178 1980 1293 2031 Thrasea

203 2045 436 2095 emendatissimum
454 2048 582 2110 existimo,
597 2049 640 2113 qui
656 2056 726 2099 cete·
767 2052 858 2099 crebro
870 2051 958 2100 dicere
967 2053 1082 2103 solebat:
1093 2052 1145 2103 Qui
1156 2054 1219 2103 vitia
1228 2056 1293 2116 odit,

202 2121 237 2170 ris
248 2122 286 2171 ita
293 2122 403 2184 ignoscit
414 2129 534 2187 tauquam
544 2126 600 2186 ipsa
611 2126 728 2189 qnotidie
766 2126 881 2176 homines
891 2125 964 2176 odit!

202 2204 310 2261 paccet3
331 2197 369 2248 ita
389 2198 506 2261 pcccatis
526 2200 649 2262 abstinet,
671 2210 726 2250 tsn-

617 2432 796 2499 sATtRA
819 2434 883 2498 IV.

494 2581 534 2628 tn
559 2582 879 2631 oaunaonanonua
902 2584 1005 2633 sonu.

203 2698 275 2749 Anto
291 2696 397 2761 mejam
414 2696 672 2758 Lucilios,aactorcs
683 2698 779 2747 rotaria
797 2698 935 2749 Comoadin
952 2699 1067 2752 intratos
1080 2706 1121 2749 est
1137 2698 1162 2747 in
1174 2698 1301 2752 notandis

235 2777 385 2827 nominatim
397 2776 540 2826 homiuibus
556 2778 688 2842 improbis,
698 2778 796 2829 Sotira·
812 2780 923 2841 scripsit,
935 2780 972 2830 vir
988 2780 1083 2843 ingenii
1094 2779 1162 2832 haud
1179 2786 1294 2833 cuntem·

236 2855 313 2908 nendi
324 2863 353 2905 st
363 2855 457 2919 judicii
467 2856 544 2911 aeris,
555 2857 601 2907 sad
618 2857 651 2906 ob
668 2856 861 2909 festinationum
873 2857 1044 2910 inscribendo
1058 2864 1086 2909 st
1097 2858 1122 2909 in
1139 2859 1293 2921 expoliando
1396 2848 1400 2862 ¹

236 2936 368 2998 pigritiam
377 2933 456 2985 durus
466 2942 494 2983 st
504 2936 586 2986 minos
601 2943 684 2985 taraus
695 2936 722 2985 ia
738 2936 924 2999 componendis
935 2936 1060 2987 ratribus.
1091 2937 1219 2999 Equidem
1230 2939 1294 2987 saei·

237 3020 292 3064 torn
308 3014 426 3063 scribare
442 3014 576 3076 improbo3
591 3021 619 3063 at
630 3015 689 3065 Diis
704 3016 786 3065 habeo
806 3016 925 3079 gratim,
941 3015 1009 3079 quod
1026 3028 1065 3063 mc
1082 3017 1153 3078 parci
1170 3018 1295 3066 sermonis
1326 3006 1331 3011 ’

235 3092 376 3143 daxersust.
407 3093 542 3155 Crispinus
558 3108 606 3156 per
623 3108 665 3143 sas
683 3095 739 3156 pius
756 3095 852 3144 soa-iim
867 3108 941 3159 qsuarn
959 3109 1018 3157 epo,
1028 3102 1056 3143 et
1071 3094 1143 3145 afflat
1161 3110 1248 3145 rersns
1265 3104 1293 3146 nt

236 3180 341 3225 ventum
352 3170 437 3221 iuliis:
453 3178 482 3221 ct
493 3172 604 3221 Fannius
620 3173 734 3234 gloriola
751 3170 830 3221 ducat
846 3173 907 3232 sibi,
917 3174 938 3222 si
954 3174 1035 3237 possit
1046 3172 1157 3237 efficere,
1170 3182 1199 3223 ut
1209 3175 1294 3239 imago

237 3258 264 3299 ea
278 3249 377 3313 scripta
391 3264 439 3298 sna
455 3250 620 3313 reperiantur
634 3251 661 3299 in
678 3251 850 3301 bibliothecis.
882 3252 946 3302 Cum
963 3267 1011 3317 ego
1029 3253 1127 3315 scripta
1143 3268 1200 3302 maa
1216 3256 1294 3317 rorigo

237 3331 347 3379 rcdtarc
364 3341 463 3391 vereor,
480 3340 512 3377 ea
528 3342 604 3379 nemo
620 3330 692 3394 tegit,
708 3333 785 3379 immo
803 3332 902 3393 spernit
917 3338 1047 3380 auctorem
1064 3339 1212 3395 propterea,
1227 3332 1294 3396 qnod

235 3408 337 3471 Satiris,
349 3406 441 3471 quibos
455 3408 519 3457 ritis
537 3415 588 3457 tam
605 3409 699 3458 usitata
715 3418 848 3471 notantur,
860 3408 1022 3460 offunduntur
1040 3410 1163 3475 plerique.
1196 3411 1232 3460 At
1244 3412 1294 3460 iste

239 3484 330 3548 Poita,
341 3488 438 3543 dieunt,
451 3501 546 3550 prunus
563 3497 603 3537 est
616 3489 649 3539 ad
665 3490 854 3553 incessendum,
864 3491 957 3541 nemini
974 3492 1065 3554 parcit,
1076 3498 1103 3543 at
1119 3488 1241 3555 quioquid
1257 3486 1305 3537 sss

236 3570 288 3618 mei
300 3566 525 3631 continuaverit,
537 3566 618 3618 cuivis
629 3568 705 3619 obvio
716 3569 818 3619 recitat.
852 3568 899 3619 Nar
918 3570 1025 3633 primunr
1038 3583 1086 3618 non
1099 3570 1174 3633 jacto
1184 3584 1225 3618 ms
1237 3584 1295 3618 asse

238 3646 421 3711 Podtam,qoia
432 3645 537 3698 dicendi
547 3660 636 3711 genus,
645 3661 696 3713 quo
707 3654 767 3696 ntor
778 3648 803 3696 in
815 3646 915 3703 Satiris,
922 3647 1029 3697 sermoni
1041 3656 1079 3697 cst
1091 3646 1294 3711 propius,sirniiu

238 3727 346 3777 cornico.
381 3726 448 3775 Nam
465 3733 550 3775 aratro
566 3728 650 3777 soluto
666 3734 693 3777 et
704 3727 754 3778 aiio
765 3727 901 3777 verborum
918 3726 1008 3779 ordine
1025 3724 1104 3787 iacto,
1114 3740 1167 3774 rens
1179 3726 1216 3775 ita
1228 3738 1295 3786 csse,

238 3804 315 3855 suciis
325 3804 473 3869 intelligere
490 3804 558 3870 qnod
570 3820 642 3855 seem
655 3814 696 3857 est
707 3821 733 3855 v.
742 3820 767 3855 o.
777 3806 804 3855 iu
817 3806 933 3857 versibus
944 3807 1074 3868 Ennianis,
1084 3806 1174 3869 quibas
1187 3804 1224 3854 vis
1236 3804 1296 3869 poi·

239 3885 330 3935 ticact
340 3884 447 3948 spiritus
458 3884 724 3947 immauabiautismai
735 3892 846 3938 metrum
863 3886 1004 3937 sustuleris.
1036 3888 1156 3938 Ceterum
1168 3885 1235 3935 sitne
1241 3885 1297 3947 jua-

239 3972 293 4016 tum
304 3962 402 4013 Poema
411 3976 504 4027 necne,
515 3979 583 4015 nnnc
592 3979 643 4017 uon
655 3981 757 4031 quaro:
773 3966 822 4017 inc
834 3972 934 4021 tunm
947 3966 1086 4027 contendo,
1097 3978 1147 4016 uon
1159 3962 1296 4033 essequod

240 4056 297 4093 msa
317 4044 415 4107 scripta
431 4051 588 4097 mutuantur.
620 4048 745 4100 Latrones
762 4048 831 4098 coins
851 4056 878 4097 at
896 4045 981 4098 sicarii
1000 4052 1116 4095 metuant
1133 4044 1247 4096 Sulcinm
1267 4049 1295 4093 at

240 4122 362 4184 Caprium
377 4124 516 4173 acerrimos
533 4131 703 4187 accusantes,
719 4140 784 4189 qnos
798 4126 923 4177 ,innocens
940 4137 990 4176 auu
1006 4122 1108 4177 uetuit.
1141 4124 1219 4187 Ergo,
1229 4122 1249 4169 δί
1267 4128 1294 4167 ¹¹¹

240 4215 290 4250 noc
300 4216 328 4253 es
339 4205 417 4266 nuo,
426 4217 474 4257 nuc
484 4218 533 4266 spo
543 4203 654 4267 Caprius
662 4205 826 4267 antinicins,
836 4212 932 4257 tenero
942 4216 983 4256 na
995 4203 1098 4257 norun.
1131 4202 1234 4254 Deinde
1245 4210 1294 4249 nee
