3150 4892
195 448 198 463 ,
295 375 360 441 878
393 400 397 403 ·
653 390 687 447 o.
710 385 866 435 uocatu
894 382 1024 433 rancor

295 536 414 601 Terret
427 530 508 608 lixo,
521 534 679 612 vetatque
694 527 790 593 novis
806 525 981 591 considere
997 526 1029 589 iu
1044 523 1157 589 hortis.

296 636 376 700 Huc
388 636 481 717 prins
494 632 646 711 angustie
659 629 767 712 ejecto
780 628 949 693 cadevera
963 625 1058 695 celiis

296 736 485 801 conservos
499 733 559 797 vili
575 731 738 815 pmtandn
751 731 890 795 locabat
904 731 939 795 in
953 746 1041 793 aron.

296 838 377 903 Hoc
391 836 520 900 misere
536 832 629 917 plebi
645 833 756 897 subet
769 848 943 899 commune
957 827 1158 911 sepulcrum,
1343 827 1386 891 1⁰

296 936 484 1004 Pantolabo
499 954 634 1010 scunae,
650 932 930 1013 Nomentanoque
944 929 1067 1013 nepoti.

297 1040 394 1105 Mille
408 1035 512 1133 pedes
526 1035 562 1098 in
574 1034 694 1111 fronte,
709 1036 875 1096 trecentos
889 1031 1012 1113 cippus
1025 1029 1061 1092 in
1075 1046 1189 1113 agrurn

297 1251 373 1301 tortis
382 1248 519 1299 recentibus.
552 1248 633 1297 Arctoo
646 1257 769 1295 eremos·
782 1246 897 1293 codam
907 1242 973 1291 ostiis
990 1240 1064 1292 netis
1074 1204 1147 1301 eiecto
1157 1237 1248 1289 iocum
1257 1236 1320 1285 istuc
1329 1233 1386 1313 effe·

297 1314 391 1365 reuda
382 1328 407 1362 tn
417 1314 462 1363 otii
470 1313 602 1375 mdopito.
623 1312 676 1360 Huc
685 1316 738 1359 srot
748 1322 866 1357 eornm
875 1306 998 1369 plebecula
1006 1305 1145 1368 repdcruru,
1155 1301 1284 1352 Pantolabo
1293 1298 1386 1349 serub·

297 1381 333 1443 ni,
342 1384 365 1428 et
378 1378 524 1427 Nomentano
532 1373 824 1440 μιήιιιοιιὶἰάὶιιὶριιίιη.
858 1372 917 1420 istic
927 1371 1008 1433 cippus
1017 1368 1153 1431 congrum
1164 1368 1219 1429 egri
1232 1367 1303 1430 pedes
1312 1362 1387 1413 stille·

759 1509 930 1531 numne

298 1612 473 1678 Coniuge-li
488 1613 561 1681 idern
575 1612 642 1677 conj.
652 1609 839 1675 σίρριιὶιιιςιο
846 1625 856 1667 ,·
873 1607 940 1673 quod
952 1605 1030 1657 hebet
1048 1604 1111 1655 Eue.
1124 1603 1249 1654 Seue-ib
1266 1601 1388 1652 Glareau.

792 1751 900 1803 noun
1332 1726 1352 1765 ¹

331 1876 347 1920 t
364 1869 443 1919 Nonis
459 1869 487 1918 in
503 1868 591 1931 tortio]
605 1868 678 1918 Quos
695 1878 779 1930 nuper
797 1865 823 1913 ln
864 1858 1389 1928 dam,’queegenoruru,itemqnedunrnu·

299 1945 422 2008 Esquiliis
442 1944 573 1991 Maecenas
591 1940 712 2002 instituit,
731 1940 765 1989 ob
783 1954 825 1988 su·
864 1949 957 2000 torum,
975 1942 1102 1989 cadavera
1114 1940 1286 2001 portabantur
1301 1952 1318 1987 a
1332 1946 1388 1985 aun·

300 2022 400 2070 iubrcnt
417 2019 473 2081 ejus
492 2018 543 2065 ioci
562 2016 658 2077 serent,
675 2022 703 2064 ut
722 2012 824 2064 (licetur
863 2016 1003 2079 depilariis.
1019 2011 1390 2067 Juvenu1.82t111.se.·c0u·

298 2100 401 2159 postes.
863 2090 960 2139 ducere
971 2124 978 2139 .
990 2124 997 2140 .
1010 2122 1017 2136 .
1030 2122 1036 2138 .
1050 2087 1203 2153 portandum
1217 2087 1248 2135 ud
1261 2085 1336 2135 busta
1346 2100 1390 2134 ca·

332 2168 423 2219 8Huc
440 2166 518 2230 prior,
539 2162 592 2226 iro]
607 2162 660 2213 Ubi
677 2163 753 2212 modo
771 2170 825 2213 utut
865 2164 961 2213 deser!

298 2245 420 2307 Priapus,
430 2242 457 2290 in
473 2240 555 2290 bortis
566 2238 665 2289 scilieet
676 2238 733 2288 istiu
744 2240 826 2301 novis,
899 2243 929 2287 to
946 2238 1001 2289 Hoc
1011 2238 1103 2286 misna
1110 2236 1242 2300 piebi,t·o.]
1260 2234 1391 2300 Esquiline

298 2320 337 2369 ibi
348 2325 424 2369 autea
433 2315 608 2379 sepulcreturn
617 2319 682 2362 erat.
716 2313 827 2362 lnbnue
866 2315 937 2379 regio
955 2314 1080 2378 sepulcris
1095 2326 1228 2362 seruorum
1249 2321 1328 2377 atque
1346 2312 1392 2360 nri·

298 2396 383 2457 ipsnrn
406 2393 490 2441 iocum
518 2389 676 2453 plebeiorum
697 2388 827 2438 cadavere
866 2403 979 2439 serornrn
1002 2390 1124 2439 dedicata
1143 2396 1210 2451 erut,
1231 2388 1316 2453 lnquit
1340 2394 1391 2436 set.

299 2464 618 2532 portabanturburnunda.
867 2466 1009 2515 Commeat.

332 2542 448 2605 Aegonis
465 2540 547 2601 eiecto,
563 2538 616 2601 ipe]
639 2538 753 2587 Advorte
774 2539 826 2587 sin·
898 2544 928 2589 ii
948 2536 1391 2603 Pantolaboeourroe11lptuntuonien

302 2620 375 2681 gulas
397 2628 472 2665 uoces
494 2614 527 2663 ad
546 2622 703 2663 contemtum
730 2611 825 2662 iacien-
865 2628 971 2677 source,
992 2616 1035 2678 quui
1055 2614 1202 2677 dilapidatis
1224 2611 1391 2661 facultatibus

301 2703 350 2743 tce.
865 2704 944 2754 egens
964 2698 1106 2738 mutuum·
1124 2688 1239 2751 pluribus
1257 2688 1390 2751 pecuniam

333 2764 531 2829 Angustiseiscto
541 2764 655 2812 eudonem
670 2762 747 2825 nitu]
763 2762 824 2812 Non
865 2763 1018 2827 accipiebat.
1051 2761 1392 2826 lthneblaiiinsiliel'an·

299 2842 374 2892 atriis
385 2840 482 2890 uniisse
495 2838 591 2897 maguis
600 2837 670 2885 elata
679 2850 736 2884 cum
747 2835 824 2884 bono·
865 2840 967 2889 tolubus
985 2838 1105 2903 sepulcro
1122 2852 1261 2903 pauperum
1279 2846 1306 2886 ot
1318 2838 1392 2885 mite.

300 2932 330 2965 re
352 2916 385 2963 ad
412 2913 581 2976 sepulturam,
608 2924 679 2959 more
706 2910 825 2961 diuitum.
866 2912 1082 2969 rorumtni'ertnt,
1102 2912 1393 2963 tientetCrasinsNo·

302 2992 375 3041 curo
399 2990 467 3037 enirn
494 2987 615 3037 dicuntur
641 2988 825 3037 mansiunculis
866 2996 1001 3039 mentuunt
1018 2988 1164 3053 petritnonii
1180 2989 1392 3053 decoctorinsig·

298 3065 446 3131 praesertim
461 3076 602 3112 serrorum.
866 3068 915 3117 nt„

332 3145 349 3189 9
367 3141 499 3189 conserens
511 3138 627 3201 mendo
636 3136 738 3200 tumber]
753 3136 826 3186 Viles
899 3144 930 3191 tn
948 3140 1016 3189 Mille
1024 3141 1095 3203 pedes
1104 3139 1226 3201 infrorte,
1236 3138 1290 3203 tn]
1309 3140 1392 3189 Datus

300 3224 327 3266 et
338 3216 456 3278 abjectos
468 3214 525 3262 viiia
537 3214 704 3276 abjectosque
718 3214 826 3276 vespilio
866 3218 926 3265 olltn
943 3214 1028 3265 iuerat
1044 3217 1116 3265 locus
1132 3216 1175 3264 liie
1186 3214 1218 3264 etl
1231 3213 1390 3277 sepulturam

300 3290 453 3355 sepeliebat.
487 3288 826 3350 Namvespiiionea,inqnit
866 3290 1033 3355 plebeiorum,
1051 3290 1185 3340 continens
1210 3290 1277 3338 uslila
1300 3288 1393 3352 pedes,

301 3368 404 3426 Festus,
419 3364 592 3428 sppeiiantur,
611 3363 655 3426 qui
677 3364 826 3425 vespertino
866 3368 914 3414 &n
948 3364 1022 3417 Quod
1037 3364 1139 3429 quidem
1152 3364 1206 3427 agri
1218 3366 1328 3428 apetium
1339 3364 1393 3413 bue·

300 3447 420 3503 tempore
431 3451 534 3501 operam
544 3438 632 3486 locant
640 3437 671 3484 iis
680 3436 757 3485 borno
766 3451 826 3486 con·
867 3439 970 3489 cedibus
979 3439 1122 3488 detructum
1134 3446 1199 3489 erat.
1227 3440 1261 3489 Et
1269 3440 1324 3488 bueo
1336 3440 1392 3502 cip·

301 3511 826 3577 dendls,qniltsnebripornpaduciprop-
866 3530 900 3579 po
927 3516 1052 3578 inscripto
1078 3514 1234 3563 notabantur
1255 3528 1288 3563 ex
1312 3528 1393 3563 ruore.

300 3597 343 3639 ter
362 3587 474 3652 inopium
503 3594 643 3651 nequeunt.
675 3586 712 3637 Ae
738 3597 828 3637 contra
866 3590 930 3638 Erat
953 3589 1019 3637 enirn
1045 3588 1136 3651 cippus
1159 3589 1185 3637 in
1207 3602 1268 3649 egro
1289 3596 1392 3637 erectus

301 3663 409 3713 diuitum
430 3661 514 3711 iuneti
543 3661 658 3710 curando
684 3662 827 3711 advocatur
866 3662 1080 3729 iepisseulinuca,
1098 3662 1123 3710 in
1141 3677 1192 3726 quo
1208 3661 1392 3725 designabatur

300 3738 462 3787 libitinarios.
496 3736 547 3787 llic
568 3751 630 3784 sero
651 3736 827 3786 subministros
867 3747 941 3788 certa
956 3752 1017 3802 pars
1033 3738 1088 3801 agri
1106 3745 1217 3801 excepta
1229 3744 1256 3787 ct
1266 3752 1299 3787 ex
1312 3746 1393 3787 testa·

300 3812 407 3861 adhibet
427 3811 604 3877 pollinctores,
630 3810 827 3875 undapiiarios,
867 3822 953 3865 mento
963 3817 1024 3866 datu
1031 3816 1167 3881 legataque
1176 3814 1256 3879 plebi,
1263 3814 1304 3863 vel
1315 3814 1392 3863 elicui

301 3888 464 3949 vespiliones.
866 3890 974 3955 privato.

338 3959 501 4022 Viliinorco]
520 3960 580 4009 Non
596 3960 623 4009 in
637 3958 736 4010 feretro
752 3974 827 4009 exor·
898 3966 969 4015 Mitte
988 3966 1057 4029 pedro
1077 3966 1103 4014 tn
1118 3964 1212 4029 fronte,
1232 3961 1285 4027 rso]
1309 3962 1390 4013 Juxta

302 4043 374 4098 nato,
390 4044 420 4085 ut
435 4036 528 4085 diuites
546 4038 639 4096 soient,
655 4037 700 4085 sed
717 4036 743 4085 lu
754 4036 825 4085 breti
867 4042 921 4091 rias
939 4048 1015 4090 erent
1030 4042 1156 4103 sepulcre.
1189 4040 1258 4103 Ergo
1278 4038 1391 4101 sepulcri

300 4110 396 4172 loonio,
405 4123 450 4158 sou
460 4111 588 4159 communi
597 4111 738 4175 sandapila,
750 4126 825 4175 qnam
865 4115 936 4165 frons
958 4122 999 4165 est
1019 4115 1140 4179 latitudo,
1162 4121 1188 4165 ut
1205 4113 1341 4177 iongitudo
1364 4114 1390 4161 tn

302 4187 433 4237 Martialis
455 4196 532 4237 vocat
549 4186 730 4247 ‘Orciniuncnt
748 4204 824 4252 spon·
864 4204 953 4253 ugrum
988 4202 1179 4255 quaquaversus
1214 4180 1392 4251 intelilgenda.
