3150 4892
281 336 351 403 820
637 354 671 414 o.
694 351 853 401 nocturn
878 352 1009 403 ruscor

314 492 414 557 peripta
424 506 480 543 mea
491 493 594 557 publice
605 500 734 559 prostant,
742 508 792 546 neo
803 507 852 558 eqo
862 494 956 555 ea,nirl
968 493 1054 545 amicir
1064 493 1141 559 idque
1152 498 1268 552 coactus,
1277 495 1373 547 recito:

315 574 358 622 aiii
370 587 431 622 vero
442 575 468 623 in
479 573 534 623 soro
545 588 593 623 aua
609 574 720 625 recitent
735 582 762 623 et
779 574 804 623 in
816 574 924 637 balneis,
935 590 985 625 uon
997 590 1057 638 ego:
1076 588 1124 625 uec
1144 574 1243 637 caudeo
1255 575 1319 626 ulios
1331 578 1389 623 lau

314 652 387 713 dere,
397 657 426 701 ut
441 652 631 702 obtrectatores
642 653 840 702 calumniantur.
872 653 997 704 Detestor
1014 654 1100 711 iatum,
1111 655 1154 718 qui
1166 654 1299 703 absentem
1312 656 1376 704 ami·

313 746 372 781 curn
389 731 531 794 obtrectat,
547 732 676 795 culpatum
693 744 743 779 nou
759 728 887 791 defendit,
904 732 1018 781 dicteriis
1034 741 1124 797 ceptst
1141 734 1270 795 bominum
1288 734 1375 793 risum,

313 811 420 860 crimina
431 808 493 860 iaiaa
511 810 594 874 fingit,
605 825 699 860 arcana
710 811 806 873 prodit,
816 811 863 862 sub
875 812 964 875 specie
981 813 1100 863 amicitie
1112 811 1319 863 malevolentiam
1336 822 1382 879 te·¹

313 889 362 954 git.
395 890 528 953 Ejusmodi
544 890 736 954 improbitatem
748 890 779 939 ab
792 892 876 941 auiruo
892 906 950 942 meo
962 899 989 942 et
1001 892 1106 956 scriptis
1124 884 1213 941 abio‘re
1230 892 1375 941 certissime

313 969 445 1033 promitto.
478 970 574 1041 Verum
585 968 607 1018 ci
621 969 680 1033 quid
698 968 805 1018 liberius
817 976 845 1019 et
862 969 929 1020 forte
941 971 1056 1033 jocosins
1067 970 1167 1031 dixero,
1182 969 1242 1019 mibi
1259 970 1375 1033 ignoeca·

312 1057 364 1099 tur.
395 1048 514 1099 Adritls
532 1048 700 1112 fugiendam
719 1054 792 1098 recte
804 1050 884 1098 ritum
904 1048 1087 1099 instituendum
1107 1052 1219 1113 optimus
1240 1058 1314 1113 pater
1333 1062 1374 1098 nre

307 1129 385 1192 jussit
393 1130 520 1193 inspicere
536 1127 656 1193 exemplu
669 1127 842 1190 improborum
854 1135 881 1177 et
898 1128 1046 1191 proborum.
1079 1128 1165 1192 igitur
1176 1129 1239 1178 vitia
1256 1130 1374 1189 aliorum,

312 1201 345 1258 ne
356 1210 410 1273 ipse
426 1209 585 1261 committam
601 1209 661 1257 olim
680 1208 840 1271 inprudens,
850 1210 904 1259 otio
922 1222 1053 1273 concesso,
1063 1210 1145 1259 literis
1161 1210 1262 1260 urendo.
1295 1208 1374 1261 ercd

288 1316 292 1327 ·
313 1290 362 1340 niri
372 1290 434 1339 mibi
450 1288 594 1339 concedere
606 1286 680 1348 velis,
695 1286 771 1350 eopia
783 1286 921 1337 Petitarum
939 1288 1001 1338 mibi
1012 1288 1060 1338 erit
1071 1288 1176 1349 auxilio,
1186 1296 1213 1337 et
1224 1295 1251 1336 te
1262 1287 1294 1337 ad
1307 1288 1372 1337 bsnc

311 1379 427 1421 nostram
438 1369 605 1429 cententlaru,
615 1367 713 1417 Satires
729 1380 787 1416 esre
805 1367 962 1431 scribendas,
973 1382 1103 1431 cogemus,
1114 1366 1327 1431 quemadmodum
1340 1366 1372 1416 ad

311 1464 371 1501 suas
382 1450 541 1501 carimonias
553 1448 744 1514 amplectendas
755 1448 913 1512 compellunt
924 1449 987 1499 alios
996 1446 1105 1500 dadolo

281 1580 460 1659 Eunonrs,
473 1584 573 1661 atque
588 1576 756 1653 Cratinus,
770 1573 1097 1659 Aristophanesque,
1113 1573 1243 1653 Politen,

312 1738 422 1800 Eupolis,
434 1734 558 1797 Omissa,
573 1738 597 1783 et
612 1731 890 1797 Aristopborea,slis'qse
906 1734 994 1793 octcrie
1011 1734 1127 1784 condio
1138 1738 1255 1797 auctores,
1266 1735 1288 1783 si
1304 1736 1369 1799 qais·

732 1874 913 1897 ouemmu

312 1975 487 2040 Satiraprinsa
499 1973 573 2024 Libri
580 1972 698 2023 secundi
710 1974 736 2022 iu
748 1972 790 2023 ed.
802 1974 897 2025 Sanad.
931 1974 962 2023 ln
974 1974 1124 2038 quibusdam
1137 1980 1203 2025 vett.
1220 1974 1374 2025 inscribitur

768 2117 878 2169 noun
972 2087 975 2093 ’

312 2222 326 2267 1
344 2217 449 2281 Eupolis,
459 2214 514 2281 tro]
529 2216 562 2265 lu
576 2214 625 2265 bac
635 2214 722 2266 Satira
732 2215 805 2279 iuge·
844 2216 916 2269 orob.
927 2216 1058 2267 Plutarch.
1071 2216 1162 2266 dibeo.

279 2295 352 2343 uioso
375 2291 494 2342 defendit
515 2306 543 2340 se
566 2290 692 2341 liorstins
713 2298 806 2341 contre
878 2293 1003 2355 Gratiana]
1020 2293 1047 2343 le
1059 2291 1168 2341 dtbenlr
1180 2289 1371 2352 orlandus,ibi·

278 2368 428 2429 molestior,
444 2368 487 2432 qui
502 2366 585 2429 ipsum
601 2372 630 2416 et
644 2366 719 2416 uiruis
736 2380 804 2415 ssor-
844 2368 902 2418 deur
923 2368 1019 2431 primus
1037 2367 1164 2415 satiricum
1182 2364 1294 2415 fabulam
1311 2380 1371 2429 pro·

279 2443 379 2505 dacem,
401 2450 429 2492 et
449 2442 548 2505 Lucilio
575 2438 725 2491 inferiorem
751 2442 804 2491 aie·
844 2442 1107 2506 duaitinlJionyeiia:
1124 2440 1370 2503 bibaeiaaimuslirit;

279 2516 351 2566 bant.
844 2518 877 2567 ud
898 2532 992 2566 aunum
1014 2516 1180 2566 centesimum
1207 2517 1285 2565 sitam
1311 2530 1371 2580 pro·

310 2587 804 2653 nepemcrsttsnmrs’sroptmqtres
843 2592 933 2641 traxit.

276 2666 320 2716 isti
332 2665 423 2715 Po'elre
432 2666 523 2715 eadem
532 2670 610 2714 aetate
622 2666 750 2721 vixerunt,
759 2679 804 2713 sn·
876 2666 986 2729 Eupolis]
998 2665 1107 2715 Fabulae
1119 2678 1167 2713 seu
1175 2662 1313 2713 eomoedlas
1325 2664 1371 2714 ille

278 2744 318 2793 nis
334 2748 395 2791 aute
414 2742 541 2791 christum
558 2740 662 2789 circiter
681 2739 803 2805 quadrin-
843 2740 1026 2803 septemdecim
1039 2738 1153 2802 arripuit,
1163 2752 1195 2787 ea
1205 2738 1297 2801 quibua
1309 2752 1366 2801 sep·

278 2817 371 2879 gentis.
403 2815 524 2865 Cratinus
543 2816 643 2863 senior:
661 2822 719 2877 post
735 2814 803 2865 buno
843 2814 1071 2865 tennelrictorlam
1085 2819 1252 2876 pepererunt.
1281 2813 1370 2862 Nomi-

279 2892 397 2955 Eupolis,
414 2889 470 2951 ejua
485 2891 580 2953 stylum
597 2889 735 2953 diligenter
746 2890 802 2939 irul·
842 2897 952 2939 uantur:
969 2891 1073 2953 caprae,
1084 2890 1219 2947 Desertor,
1230 2890 1279 2937 be.
1304 2888 1370 2937 Per-

279 2971 365 3016 tatnsz
382 2963 706 3027 sequiturnrtstopbanes;
724 2978 802 3027 quern
842 2964 873 3014 ilt
895 2966 921 3015 in
936 2964 1019 3014 uarali
1038 2964 1127 3027 prelio
1143 2962 1211 3028 quod
1228 2962 1369 3012 Atlrenien·

278 3041 355 3090 Plato
366 3039 477 3089 medium
485 3038 620 3089 interillos
627 3037 701 3095 dicit,
708 3052 802 3101 nempe
841 3055 881 3091 ses
899 3040 1022 3090 adversus
1038 3037 1248 3089 lacedemonios
1264 3038 1369 3087 coturni·

277 3116 383 3166 Cratino
391 3128 465 3178 eque
474 3114 661 3175 rebementeor,
670 3113 752 3162 miuus
763 3122 803 3163 ta·
840 3120 929 3164 serunt
935 3115 1013 3176 juata
1025 3112 1242 3175 Hellespontum
1255 3113 1318 3176 Ejus
1329 3113 1368 3162 in·

277 3203 337 3239 rnen
359 3189 488 3245 acerbum,
506 3188 641 3251 Eupolidis
656 3194 742 3237 autern
760 3202 803 3235 nr·
839 3190 944 3239 teritum
957 3188 1021 3239 adeo
1034 3188 1154 3237 luxerunt
1173 3188 1212 3237 sul
1229 3188 1368 3251 popularea

278 3265 421 3315 bauitctern
432 3272 588 3313 sescentum.
605 3262 702 3312 Horum
713 3262 802 3312 merul·
840 3272 868 3312 ut
880 3264 957 3313 etiarn
969 3262 1098 3313 edixerint
1114 3276 1146 3311 ne
1167 3262 1289 3324 deinceps
1300 3262 1366 3312 nllus

277 3339 317 3390 nit
330 3340 397 3389 Veli.
415 3340 520 3389 Patere.
536 3339 581 3387 lib.
590 3352 610 3387 r.
626 3338 711 3389 ‘Quia
721 3338 800 3387 abuu-
840 3338 923 3388 Poiita
931 3339 1064 3388 militaret.
1079 3337 1179 3387 fluidas.
1190 3336 1308 3386 Macrob.
1319 3338 1367 3386 Sa·

276 3414 802 3479 de,’inquit,‘rulraripotest,quoderni-
842 3413 935 3461 turnal.
952 3425 1002 3461 arr.
1020 3418 1045 3461 c.
1072 3412 1176 3461 'Notus
1192 3412 1366 3460 autumnitas

276 3491 426 3539 nentiesima
443 3488 564 3553 'crrjnsque
586 3487 748 3553 professionis
763 3488 801 3537 ln·
843 3486 948 3550 Eupolis
960 3487 1168 3550 interclegautea
1179 3484 1310 3534 turisendus
1322 3499 1366 3535 re·

278 3566 395 3628 genisio
414 3564 482 3613 idern
500 3564 594 3613 arctati
611 3564 733 3626 temporis
744 3577 802 3626 spa·
842 3562 903 3610 teris
914 3561 1053 3611 Cornoedioe
1064 3560 1178 3612 Poitas!

278 3640 341 3688 tinrn
350 3647 539 3703 congregentur
603 3672 610 3687 .
621 3652 729 3687 rrnsuee
738 3640 802 3687 mul·
872 3636 1054 3700 Arittopboura]
1073 3636 1103 3685 lu
1116 3636 1191 3698 hujus
1208 3634 1287 3684 corde
1300 3641 1365 3683 teur-

278 3716 361 3763 t'orurn
370 3730 493 3764 annornm
504 3712 730 3764 interraiiotlirlsa
738 3719 801 3762 ctas
841 3709 910 3773 plnrn
921 3710 970 3759 sibi
978 3708 1222 3773 rtrnaisseGratiaa,
1232 3710 1269 3757 ait
1281 3710 1366 3759 Plato.

279 3805 326 3852 per
338 3790 416 3839 diuini
434 3790 540 3854 spiritus
559 3790 628 3838 ciros
645 3788 801 3851 AEsetsytom,
840 3784 868 3833 ls
879 3785 974 3849 quippe
986 3784 1090 3833 Atticos
1100 3782 1202 3847 lepores
1212 3797 1310 3832 summe
1321 3796 1366 3832 ex·

278 3862 801 3926 Sopboclern,Euripideurillnstrarlttra-
841 3858 921 3907 coluit
935 3858 1088 3921 extulitque.
1121 3858 1365 3907 Dubitaturnilrilo·

279 3936 390 4000 geedias:
409 3952 458 3986 uua
470 3939 579 4000 priscam
590 3937 660 3985 ills·
677 3934 725 3985 sub
739 3936 801 3985 Cra·
841 3935 923 3983 uulnus
934 3948 966 3983 an
978 3933 1057 3983 fuerit
1070 3933 1245 3993 Atheniensir,
1254 3948 1286 3983 an
1297 3934 1365 3982 Rbo-

278 4012 341 4069 tino,
351 4011 531 4073 Aristophane,
538 4020 565 4061 et
573 4009 698 4075 Eupolide
708 4024 802 4060 comm·
841 4009 908 4069 diua,
919 4022 952 4057 un
963 3993 1106 4073 Egyptluq
1113 4011 1162 4058 dre.
1189 4009 1299 4057 Fabulae
1310 4008 1364 4056 edi·

277 4086 364 4158 disin:
382 4100 413 4135 ae
429 4098 521 4135 noram
534 4086 701 4145 Menandros,
718 4100 800 4149 equa·
841 4084 881 4134 dit
889 4092 998 4148 quatuor
1009 4084 1260 4148 etquiuqnsqiuta,e
1272 4083 1364 4149 qalbns

277 4162 366 4227 leoque
385 4159 460 4230 eiua,'
478 4163 529 4210 dre.
549 4158 603 4210 lul.
624 4158 726 4223 Potina,
742 4160 799 4209 bia·
840 4168 976 4223 supersunt
997 4160 1070 4211 nobis
1092 4159 1228 4210 undecim:
1252 4160 1365 4211 asnide
