3150 4892
561 310 771 359 snnuouust
796 312 869 361 sta.
892 311 916 361 t.
937 298 969 361 4.
1168 306 1174 319 “
1245 298 1311 365 tet

220 451 399 537 Accipiam
414 452 569 533 tabnlna3
589 451 1033 531 toturnonmlocusmom,
1269 456 1311 521 lt

219 620 305 668 trodo:
319 621 456 682 assignetur
465 622 532 672 sebit
540 622 612 685 urst,
621 622 688 684 tora,
697 622 856 672 &amotores
867 636 876 671 t
892 622 1012 671 oidsuuutt
1023 626 1076 671 uter
1081 621 1260 685 plmoseridm
1270 636 1311 669 os·

676 762 854 784 ”neuneu

218 857 272 906 rius
291 859 426 917 Maximus,
443 866 510 910 tuti.
521 866 546 911 t.
563 861 700 910 ‘Valerius
719 860 857 921 spontione
877 860 1007 909 Itttatium
1028 858 1188 921 provenerit,
1210 858 1244 907 Ni
1264 869 1311 907 suo

220 919 300 971 ductu
312 924 412 972 Punica
422 922 509 973 classis
521 934 588 973 esset
602 924 743 987 oppressa!
770 923 908 972 Petronius
918 924 1035 987 Tragurii
1047 931 1180 984 repertus:
1196 922 1248 969 ‘Et
1260 936 1310 971 ese-

220 985 258 1047 pit
277 986 386 1036 subinde
403 987 531 1037 dominum
545 1002 618 1037 suum
630 988 766 1051 sponsione
777 998 931 1050 proterat-e,
947 988 981 1035 Ni
1012 985 1243 1096 rasinueroximia
1255 984 1311 1033 Cir-

219 1050 338 1098 censibus
350 1051 456 1113 primam
469 1052 597 1115 palmam?
632 1053 715 1101 Recte
725 1052 817 1115 opinor
834 1052 889 1101 lime
905 1064 982 1113 prone
1003 1058 1065 1100 unt:
1086 1064 1114 1098 se
1153 1048 1215 1112 quid
1231 1047 1310 1098 faeia-

217 1124 276 1159 mus
287 1112 331 1161 illo
342 1114 453 1163 minimi
486 1118 568 1165 Deest
584 1116 709 1178 siquidem
728 1116 845 1176 pennulas
867 1126 972 1170 summa,
988 1128 1062 1176 quatu
1082 1112 1202 1175 perderet
1220 1110 1251 1171 is,
1268 1112 1310 1173 qtti

218 1176 356 1237 sponsione
376 1178 534 1228 uinceretur.
568 1178 693 1228 Asconius
706 1180 835 1227 Pedianus
847 1179 872 1225 in
884 1178 1019 1226 Verrinam
1032 1178 1064 1225 de
1075 1176 1194 1225 Pretura
1206 1174 1311 1223 Urbana

218 1252 245 1304 p.
257 1242 313 1288 100.
331 1242 493 1305 ‘sponsione
505 1243 560 1304 ipse
573 1249 728 1304 provocatur
738 1242 772 1289 ab
783 1241 949 1301 adverseris:
964 1248 1047 1289 certm
1060 1240 1175 1301 pecunias
1187 1245 1232 1287 snt
1243 1240 1312 1287 resti·

218 1302 348 1363 mationls,
363 1306 459 1369 ‘quem
478 1306 590 1367 amittat,
607 1306 643 1355 tu
658 1320 705 1355 sua
722 1308 756 1353 sit
775 1304 912 1353 ueremur
928 1304 961 1353 de
975 1318 1026 1366 qna
1036 1302 1188 1351 rennuunt
1219 1300 1311 1351 Cicero

218 1363 274 1426 ipse
291 1366 315 1413 in
327 1366 435 1417 l'arrem
451 1368 485 1418 de
503 1368 653 1428 Frumento,
673 1384 697 1417 c.
707 1373 747 1417 sa.
764 1371 772 1397 ⁸
785 1369 818 1417 P.
828 1368 973 1417 Scandilius
985 1366 1091 1416 eundem
1104 1365 1266 1429 sponsionem
1278 1366 1310 1415 rle

217 1429 343 1490 sotietate
360 1428 439 1480 feeit:
458 1430 527 1481 laeta
544 1441 584 1481 est
604 1432 708 1495 sponsio
723 1432 876 1481 Sestertium
893 1432 952 1493 quin
972 1445 1003 1479 ue
1019 1428 1150 1479 millibut.’
1192 1428 1264 1477 Idem
1284 1428 1309 1478 itt

218 1490 328 1542 eundem
340 1494 374 1542 de
384 1494 535 1558 Suppliciis,
551 1507 574 1544 e.
586 1500 627 1544 54.
643 1497 651 1524 ‘
664 1494 764 1558 Cogere
781 1509 840 1544 eunt
857 1446 1113 1557 coepit,(iiestertiutn
1126 1492 1225 1541 duoluu
1237 1490 1310 1538 milli·

219 1555 267 1604 ltus
275 1558 438 1617 sponsionem
451 1558 538 1608 faeere
550 1574 608 1607 oum
620 1559 713 1607 lictore
724 1573 781 1620 auo,
798 1560 832 1607 Ni
844 1556 921 1607 furtis
932 1564 1057 1621 questum
1071 1554 1188 1605 feceret?
1220 1554 1309 1616 Vides,

217 1619 318 1679 opinor,
337 1629 433 1670 nestam
454 1622 570 1685 pecunie
591 1635 713 1670 summam
732 1623 759 1671 iu
781 1622 958 1684 sponsionibus
979 1621 1086 1685 exprimi
1106 1620 1198 1668 solere.
1240 1617 1309 1668 Quid

216 1682 1310 1811 inlinitltttttlltt„ttittllultz-itlisuziiiiliilttul

838 1784 843 1795 ·
882 1782 891 1808 t

214 1808 289 1857 sione
304 1812 433 1861 lacessere
451 1813 542 1871 ausint,
557 1812 593 1861 Ni
605 1825 667 1861 vera
678 1820 706 1861 at
716 1812 823 1861 indubia
834 1812 878 1874 sit,
899 1812 1022 1874 Crispinus
1039 1824 1131 1859 ππππππ
1141 1824 1177 1857 sss
1191 1814 1309 1869 prouocat.

216 1872 290 1927 Nihil
300 1873 394 1925 elarius
405 1877 555 1939 argntinsre
565 1875 618 1925 dici
638 1884 735 1937 potest.
767 1875 882 1938 oblique
893 1875 960 1925 enim
973 1874 1119 1936 Crispinum
1131 1874 1225 1934 tangit,
1236 1872 1310 1935 quasi

217 1947 329 2012 egenum
345 1946 372 1986 et
388 1939 549 1989 mendicum:
568 1940 611 2000 qui
628 1954 680 1987 nso
699 1939 794 2002 majore
806 1941 924 2002 pignore,
936 1952 1014 2002 quarn
1024 1951 1074 1986 uno
1086 1942 1309 1997 nummo,esrtare

212 2000 338 2050 uoluerit.
369 2003 507 2053 Servorum
518 2002 585 2052 euim
596 2008 625 2051 et
637 2004 851 2066 pauperaulorum
863 2010 929 2060 erat,
940 2015 1042 2051 nummo
1054 2000 1205 2063 sponsiones
1216 1998 1309 2047 lacere.

217 2060 329 2113 Plautus
347 2065 458 2127 Epidico
477 2067 536 2116 Aet.
548 2080 575 2115 v.
587 2069 612 2115 ².
623 2070 665 2115 tt.
680 2066 747 2129 sqq!
764 2067 848 2115 Betiti.
881 2065 1016 2115 Bentloius
1032 2064 1175 2113 dartdteute
1193 2062 1310 2123 reposuit

214 2139 320 2187 ππιπππο,
332 2142 415 2191 aeque
435 2130 500 2178 rislit
515 2130 611 2178 misisse
627 2127 679 2178 diri
701 2142 747 2193 pso
763 2130 887 2177 ‘mlitimo
909 2128 1014 2189 digito:-
1039 2128 1125 2191 Atqna
1144 2127 1186 2174 ltie
1205 2124 1308 2188 quidem

213 2197 306 2250 pestus
316 2193 384 2253 apud
396 2202 526 2242 nostrates
537 2194 615 2241 etiam
626 2193 703 2240 hodie
713 2191 847 2242 familiaris
857 2200 906 2249 est,
917 2192 961 2239 um
974 2205 1021 2255 pet
1031 2198 1190 2241 contemtum
1199 2189 1309 2251 aliquem

216 2253 383 2305 advocamus.
416 2256 506 2305 Mirati
519 2268 617 2319 nequeo
629 2254 710 2303 virum
721 2256 839 2304 aeerrimi
854 2255 948 2315 judicii
965 2268 1014 2303 non
1032 2251 1174 2303 attendisse
1187 2252 1218 2298 sd
1229 2252 1307 2300 Salto-

217 2314 313 2372 liasten
323 2319 454 2369 reterens!
470 2320 551 2369 Bast.
583 2317 734 2379 ‘Attendln
744 2320 790 2367 sed
802 2318 958 2381 improbavit
969 2316 1070 2365 metito.
1104 2317 1151 2364 Est
1162 2322 1253 2377 aperte
1267 2314 1309 2363 lile

214 2378 252 2427 ,ds
264 2382 401 2440 sponsione
412 2389 439 2431 et
454 2382 619 2443 responsione
636 2396 719 2430 sermo
733 2382 869 2444 (Germani
882 2387 975 2429 vorant
983 2382 1035 2429 eise
1048 2378 1140 2442 Weiss)
1151 2392 1226 2441 quem
1235 2378 1309 2425 risse

217 2441 334 2492 indicant
345 2445 424 2494 verbs
436 2446 498 2495 Vet.
516 2446 601 2496 Srlsol.
622 2444 654 2493 ab
669 2446 726 2507 ipso
742 2445 856 2494 Bastero
870 2444 977 2505 prolata.
1011 2443 1133 2492 Ceterum
1145 2454 1202 2490 cuns
1213 2442 1309 2489 merim

219 2511 247 2554 et
257 2520 350 2555 ππππππο
361 2508 468 2558 totidem
480 2508 580 2558 lineolis
592 2508 848 2571 perpendicularilsua
859 2516 988 2567 constent,
1007 2505 1171 2555 blandissima
1188 2518 1250 2554 sane
1269 2512 1310 2553 est

216 2570 381 2620 emendatio:
398 2586 448 2621 nee
464 2580 551 2622 tamen
562 2574 782 2633 accesserimus
794 2572 837 2635 qni
848 2586 941 2621 sunno
952 2578 1074 2633 provocet
1086 2570 1203 2623 alterum,
1213 2568 1309 2616 minima

218 2630 287 2682 idem
300 2642 433 2696 provocet,
443 2636 470 2685 id
483 2643 533 2695 est,
544 2635 638 2698 jubeat
648 2634 698 2685 sibi
710 2636 840 2683 minimum
851 2651 873 2683 s.
886 2648 1013 2689 nummum
1024 2632 1168 2697 responderi,
1176 2634 1310 2693 repromit-

218 2696 459 2763 timenutensium
478 2699 536 2762 plns
554 2700 610 2762 ipse
629 2698 756 2761 spondeat
768 2700 964 2762 promittatque,
974 2698 1060 2746 'certus
1073 2711 1164 2759 nempe
1177 2695 1310 2743 victorin?

220 2760 360 2811 Geta-ts
376 2762 499 2826 Aoeipisstt
515 2762 569 2822 jota
588 2762 676 2811 tatuit
694 2763 770 2812 Gott.
795 2763 918 2825 Accipiam
934 2762 1020 2811 tatutis
1043 2760 1118 2809 Harl.
1128 2764 1153 2807 4.
1165 2764 1190 2807 7.
1207 2766 1233 2807 et
1249 2758 1309 2807 edd.

218 2830 283 2873 tett.
294 2838 337 2887 ap.
348 2826 429 2875 Gean.
461 2831 469 2854 ⁴
482 2827 524 2877 ltt
534 2826 577 2876 ed.
588 2826 689 2874 Veneta
706 2826 824 2889 princeps
835 2827 945 2889 (Venet.
959 2823 1045 2885 tlte.)
1056 2838 1113 2871 curn
1126 2824 1221 2885 majore
1235 2830 1309 2883 parte

218 2886 351 2947 codicum
369 2888 437 2952 quod
449 2891 503 2938 inte
537 2896 605 2937 retes
617 2890 733 2952 plerique
745 2891 857 2951 amplexi
869 2895 936 2937 strut.
965 2887 1001 2937 Aa
1013 2888 1094 2936 altera
1105 2887 1213 2951 (Venet.
1224 2881 1310 2947 1490.)

218 2964 277 2998 cum
289 2952 437 3000 loenenet
453 2966 519 3001 mem
539 2953 607 3000 ranis
621 2954 699 3000 etiarn
719 2966 769 3001 oon
788 2951 1050 3015 ,tenerescentium
1068 2952 1168 2999 iudeus.
1204 2949 1251 2998 Cui
1263 2964 1310 2997 our

217 3014 326 3062 alterans
339 3016 511 3078 protulerint,
528 3029 579 3064 non
594 3028 697 3078 possunt
715 3029 765 3063 non
783 3016 913 3065 demirari.
948 3015 1013 3063 lieo
1025 3014 1093 3062 enlm
1106 3014 1183 3061 lectio
1193 3014 1311 3073 μιμηνιπᾷ

216 3077 370 3127 &testera
382 3088 565 3140 prouocantem
575 3079 608 3127 sd
620 3079 938 3141 temnendum-crispinum
952 3077 1056 3139 pulchre
1067 3078 1188 3125 ostendit.
1213 3076 1309 3138 Aoslps,

210 3139 352 3203 Juueps
361 3142 462 3195 umus.
494 3143 534 3192 Et
547 3143 702 3205 repetitione
713 3142 780 3191 enim
792 3142 925 3205 conjicias,
935 3154 1011 3204 quam
1026 3154 1086 3189 seer
1101 3140 1137 3189 sit
1152 3138 1185 3188 ad
1203 3148 1309 3189 euntem

218 3204 325 3253 tionem.
367 3203 425 3255 Jam
442 3218 519 3269 nune,
541 3206 587 3265 ait,
603 3209 710 3268 accipe:
731 3206 818 3269 jactat
834 3206 901 3254 enim
919 3204 1120 3265 extemporalem
1137 3204 1257 3251 carminis
1272 3201 1310 3251 fs·

219 3268 361 3327 cultatem3
390 3277 417 3317 et
440 3275 552 3330 veretur,
573 3283 606 3317 ne
628 3268 752 3318 Horatius
773 3277 904 3319 certamen
924 3264 974 3316 effu
995 3268 1040 3325 iat,
1060 3269 1081 3315 si
1105 3268 1131 3315 in
1154 3266 1222 3314 aliud
1246 3276 1310 3314 tem·

217 3342 267 3393 pus
279 3328 422 3381 differetur.
457 3332 549 3395 Neque
566 3344 626 3380 uero
637 3347 700 3391 opus
711 3341 752 3382 est
763 3332 808 3381 illo
818 3332 955 3394 Accipiam:
972 3282 1106 3392 irreptum
1123 3330 1199 3388 enim,
1216 3338 1308 3390 utpote

215 3400 380 3457 provocator,
401 3396 483 3445 domo
511 3410 596 3444 secum
626 3396 726 3445 tabulas
748 3396 880 3454 extulisse,
899 3402 925 3443 et
945 3396 969 3459 in
989 3394 1046 3442 sinu
1066 3400 1168 3456 paratas
1189 3392 1309 3440 hahuisse

215 3458 362 3507 censendas
380 3468 428 3510 est.
468 3460 551 3509 Porro
568 3469 596 3509 et
612 3460 699 3521 plrrrss
718 3461 820 3509 eodlees
839 3458 933 3507 labent
949 3460 1051 3515 oeutsr5
1070 3458 1130 3521 qula
1142 3454 1309 3520 sequebatur,

216 3522 307 3584 eredo,
328 3524 500 3573 nominativus
521 3524 636 3587 pluralis,
655 3525 768 3573 moda.
799 3524 850 3573 Sed
871 3524 1010 3570 retinemus
1025 3525 1096 3570 detur
1113 3534 1171 3568 snm
1184 3518 1308 3568 editioni·

218 3584 265 3635 but
288 3588 397 3649 prieris,
426 3588 504 3650 idque
525 3602 557 3635 ex
575 3588 628 3634 stili
647 3586 783 3636 Horatisni
805 3586 897 3650 pruine
915 3594 943 3633 ut
963 3584 1060 3632 videbis
1083 3586 1109 3632 in
1132 3584 1208 3633 Notis
1232 3582 1265 3631 ad
1288 3594 1309 3631 t.

218 3648 270 3697 ot.
287 3654 328 3699 at.
345 3652 377 3701 a:
398 3652 480 3701 Bentl-
513 3650 652 3713 ‘Accipiam
670 3652 751 3713 magis
768 3652 846 3699 etiam
864 3650 922 3697 ideo
939 3650 1034 3710 placet,
1045 3646 1113 3712 quod
1126 3646 1157 3695 ad
1178 3662 1236 3713 rent·
1252 3660 1308 3709 per·

218 3713 293 3775 tinet,
317 3714 396 3765 etism
419 3716 564 3778 Crispinnm
587 3714 687 3763 tabulas
708 3729 728 3762 s.
754 3714 893 3778 pugillares
915 3712 1049 3776 accipere:
1079 3710 1164 3775 agitur
1190 3711 1257 3759 enini
1275 3709 1308 3759 de

710 3856 815 3907 NOTAE

216 3956 271 4019 pini
281 3955 418 4004 Horatium
429 3952 633 4015 provocantittd
643 3959 741 4003 extem·
816 3958 844 4003 ts
855 3952 954 4017 [Accipe
962 3950 1016 4011 jorn
1025 3949 1126 4013 tamus]
1140 3950 1240 4011 iegttnt
1252 3952 1307 4011 atii,

217 4034 311 4095 poralis
323 4031 472 4093 scriptionis
486 4038 626 4080 certarnen.
657 4032 741 4081 sicet
781 4024 1015 4091 Accipiamtaislot.
1047 4024 1123 4075 Prior
1134 4032 1220 4076 tamen
1229 4026 1307 4073 lectio

215 4106 360 4160 numum
370 4106 470 4157 Statius
481 4104 622 4156 lacessivit.
782 4103 971 4153 vehementiam
987 4101 1093 4151 hominis
1105 4107 1202 4151 temere
1213 4113 1245 4149 ao
1255 4107 1307 4147 sto-
