<?xml version="1.0" encoding="UTF-8"?>
<!DOCTYPE html PUBLIC "-//W3C//DTD XHTML 1.0 Transitional//EN"
    "http://www.w3.org/TR/xhtml1/DTD/xhtml1-transitional.dtd">
<html xmlns="http://www.w3.org/1999/xhtml" xml:lang="en" lang="en">
 <head>
  <title>
</title>
<meta http-equiv="Content-Type" content="text/html;charset=utf-8" />
  <meta name='ocr-system' content='tesseract 3.04.00' />
  <meta name='ocr-capabilities' content='ocr_page ocr_carea ocr_par ocr_line ocrx_word'/>
</head>
<body>
  <div class='ocr_page' id='page_1' title='image "./quintihoratiifl05zeungoog_0310.png"; bbox 0 0 3150 4892; ppageno 0'>
   <div class='ocr_carea' id='block_1_1' title="bbox 278 379 1158 447">
    <p class='ocr_par' dir='ltr' id='par_1_1' title="bbox 278 379 1158 447">
     <span class='ocr_line' id='line_1_1' title="bbox 278 379 1158 447; baseline -0.003 0"><span class='ocrx_word' id='word_1_1' title='bbox 278 379 345 447; x_wconf 77' lang='grc'><strong>764</strong></span> <span class='ocrx_word' id='word_1_2' title='bbox 511 392 665 442; x_wconf 79' lang='lat' dir='ltr'><strong>uuonan</strong></span> <span class='ocrx_word' id='word_1_3' title='bbox 691 387 889 440; x_wconf 83' lang='lat' dir='ltr'><strong>ransarro</strong></span> <span class='ocrx_word' id='word_1_4' title='bbox 916 389 957 437; x_wconf 65' lang='grc' dir='ltr'><strong>ιη</strong></span> <span class='ocrx_word' id='word_1_5' title='bbox 981 388 1158 444; x_wconf 72' lang='lat' dir='ltr'><strong>saurais.</strong></span> 
     </span>
    </p>
   </div>
   <div class='ocr_carea' id='block_1_2' title="bbox 281 531 1378 2511">
    <p class='ocr_par' dir='ltr' id='par_1_2' title="bbox 281 531 1378 2511">
     <span class='ocr_line' id='line_1_2' title="bbox 281 531 1375 616; baseline 0 -18"><span class='ocrx_word' id='word_1_6' title='bbox 281 535 397 598; x_wconf 79' lang='lat' dir='ltr'><strong>densior</strong></span> <span class='ocrx_word' id='word_1_7' title='bbox 409 531 519 614; x_wconf 71' lang='lat' dir='ltr'><strong>cogito,</strong></span> <span class='ocrx_word' id='word_1_8' title='bbox 534 533 621 612; x_wconf 85' lang='lat' dir='ltr'><strong>quale</strong></span> <span class='ocrx_word' id='word_1_9' title='bbox 633 531 673 592; x_wconf 91' lang='lat' dir='ltr'><strong>de</strong></span> <span class='ocrx_word' id='word_1_10' title='bbox 683 532 821 612; x_wconf 77' lang='lat' dir='ltr'>operibus</span> <span class='ocrx_word' id='word_1_11' title='bbox 834 531 917 602; x_wconf 86' lang='lat' dir='ltr'><strong>meis,</strong></span> <span class='ocrx_word' id='word_1_12' title='bbox 940 531 965 591; x_wconf 85' lang='lat' dir='ltr'><strong>si</strong></span> <span class='ocrx_word' id='word_1_13' title='bbox 978 532 1057 592; x_wconf 88' lang='lat' dir='ltr'><strong>bono</strong></span> <span class='ocrx_word' id='word_1_14' title='bbox 1072 552 1127 593; x_wconf 85' lang='lat' dir='ltr'><strong>suo</strong></span> <span class='ocrx_word' id='word_1_15' title='bbox 1142 533 1204 595; x_wconf 84' lang='lat' dir='ltr'><strong>lato</strong></span> <span class='ocrx_word' id='word_1_16' title='bbox 1222 531 1258 597; x_wconf 84' lang='lat' dir='ltr'><strong>eo</strong></span> <span class='ocrx_word' id='word_1_17' title='bbox 1273 555 1375 616; x_wconf 87' lang='lat' dir='ltr'><strong>perse·</strong></span> 
     </span>
     <span class='ocr_line' id='line_1_3' title="bbox 281 625 1375 709; baseline 0.003 -19"><span class='ocrx_word' id='word_1_18' title='bbox 281 631 343 691; x_wconf 90' lang='lat' dir='ltr'><strong>nire</strong></span> <span class='ocrx_word' id='word_1_19' title='bbox 356 630 481 709; x_wconf 76' lang='lat' dir='ltr'>possint,</span> <span class='ocrx_word' id='word_1_20' title='bbox 496 628 641 708; x_wconf 87' lang='lat' dir='ltr'><strong>judicium</strong></span> <span class='ocrx_word' id='word_1_21' title='bbox 654 626 752 687; x_wconf 82' lang='lat' dir='ltr'><strong>latura</strong></span> <span class='ocrx_word' id='word_1_22' title='bbox 763 625 812 686; x_wconf 88' lang='lat' dir='ltr'><strong>sit.</strong></span> <span class='ocrx_word' id='word_1_23' title='bbox 854 625 922 686; x_wconf 89' lang='lat' dir='ltr'><strong>Non</strong></span> <span class='ocrx_word' id='word_1_24' title='bbox 937 625 1004 686; x_wconf 87' lang='lat' dir='ltr'><strong>ideo</strong></span> <span class='ocrx_word' id='word_1_25' title='bbox 1016 638 1114 688; x_wconf 86' lang='lat' dir='ltr'><strong>tamen</strong></span> <span class='ocrx_word' id='word_1_26' title='bbox 1129 629 1249 690; x_wconf 85' lang='lat' dir='ltr'><strong>minoris</strong></span> <span class='ocrx_word' id='word_1_27' title='bbox 1260 634 1375 694; x_wconf 69' lang='lat' dir='ltr'><strong>estimo</strong></span> 
     </span>
     <span class='ocr_line' id='line_1_4' title="bbox 281 719 1374 802; baseline 0 -16"><span class='ocrx_word' id='word_1_28' title='bbox 281 725 387 786; x_wconf 90' lang='lat' dir='ltr'><strong>doctos</strong></span> <span class='ocrx_word' id='word_1_29' title='bbox 405 725 495 792; x_wconf 81' lang='lat' dir='ltr'><strong>siros,</strong></span> <span class='ocrx_word' id='word_1_30' title='bbox 509 723 560 801; x_wconf 86' lang='lat' dir='ltr'><strong>qui</strong></span> <span class='ocrx_word' id='word_1_31' title='bbox 574 723 663 783; x_wconf 90' lang='lat' dir='ltr'><strong>hodie</strong></span> <span class='ocrx_word' id='word_1_32' title='bbox 677 721 798 789; x_wconf 75' lang='lat' dir='ltr'><strong>visunt:</strong></span> <span class='ocrx_word' id='word_1_33' title='bbox 820 719 904 780; x_wconf 91' lang='lat' dir='ltr'><strong>multi</strong></span> <span class='ocrx_word' id='word_1_34' title='bbox 927 730 1006 792; x_wconf 87' lang='lat' dir='ltr'><strong>sunt,</strong></span> <span class='ocrx_word' id='word_1_35' title='bbox 1029 721 1133 795; x_wconf 84' lang='lat' dir='ltr'><strong>leteor,</strong></span> <span class='ocrx_word' id='word_1_36' title='bbox 1156 723 1207 802; x_wconf 90' lang='lat' dir='ltr'><strong>qui</strong></span> <span class='ocrx_word' id='word_1_37' title='bbox 1232 728 1374 786; x_wconf 71' lang='lat' dir='ltr'><strong>seculum</strong></span> 
     </span>
     <span class='ocr_line' id='line_1_5' title="bbox 281 816 1375 898; baseline 0.002 -19"><span class='ocrx_word' id='word_1_38' title='bbox 281 831 414 881; x_wconf 88' lang='lat' dir='ltr'><strong>nostrum</strong></span> <span class='ocrx_word' id='word_1_39' title='bbox 432 829 587 889; x_wconf 82' lang='lat' dir='ltr'><strong>exornent,</strong></span> <span class='ocrx_word' id='word_1_40' title='bbox 608 818 660 897; x_wconf 89' lang='lat' dir='ltr'><strong>qui</strong></span> <span class='ocrx_word' id='word_1_41' title='bbox 682 817 780 896; x_wconf 87' lang='lat' dir='ltr'><strong>priora</strong></span> <span class='ocrx_word' id='word_1_42' title='bbox 801 816 969 897; x_wconf 86' lang='lat' dir='ltr'><strong>potuissent</strong></span> <span class='ocrx_word' id='word_1_43' title='bbox 985 835 1145 884; x_wconf 72' lang='lat' dir='ltr'><strong>exornares</strong></span> <span class='ocrx_word' id='word_1_44' title='bbox 1166 820 1195 877; x_wconf 94' lang='lat' dir='ltr'><strong>in</strong></span> <span class='ocrx_word' id='word_1_45' title='bbox 1210 819 1317 898; x_wconf 91' lang='lat' dir='ltr'><strong>quibus</strong></span> <span class='ocrx_word' id='word_1_46' title='bbox 1331 831 1375 881; x_wconf 87' lang='lat' dir='ltr'><strong>ta·</strong></span> 
     </span>
     <span class='ocr_line' id='line_1_6' title="bbox 281 912 1375 994; baseline 0.001 -19"><span class='ocrx_word' id='word_1_47' title='bbox 281 934 348 976; x_wconf 88' lang='lat' dir='ltr'><strong>rnen</strong></span> <span class='ocrx_word' id='word_1_48' title='bbox 363 935 401 975; x_wconf 89' lang='lat' dir='ltr'><strong>ne</strong></span> <span class='ocrx_word' id='word_1_49' title='bbox 414 933 506 994; x_wconf 85' lang='lat' dir='ltr'><strong>unum</strong></span> <span class='ocrx_word' id='word_1_50' title='bbox 518 913 638 992; x_wconf 89' lang='lat' dir='ltr'><strong>quidem</strong></span> <span class='ocrx_word' id='word_1_51' title='bbox 653 913 738 984; x_wconf 81' lang='lat' dir='ltr'><strong>nori,</strong></span> <span class='ocrx_word' id='word_1_52' title='bbox 750 913 802 990; x_wconf 93' lang='lat' dir='ltr'><strong>qui</strong></span> <span class='ocrx_word' id='word_1_53' title='bbox 818 931 875 972; x_wconf 91' lang='lat' dir='ltr'><strong>noo</strong></span> <span class='ocrx_word' id='word_1_54' title='bbox 887 913 1011 971; x_wconf 79' lang='lat' dir='ltr'>honoret</span> <span class='ocrx_word' id='word_1_55' title='bbox 1025 922 1055 972; x_wconf 88' lang='lat' dir='ltr'><strong>et</strong></span> <span class='ocrx_word' id='word_1_56' title='bbox 1069 912 1150 972; x_wconf 87' lang='lat' dir='ltr'><strong>colat</strong></span> <span class='ocrx_word' id='word_1_57' title='bbox 1163 915 1313 992; x_wconf 85' lang='lat' dir='ltr'><strong>antiquos,</strong></span> <span class='ocrx_word' id='word_1_58' title='bbox 1322 916 1375 976; x_wconf 86' lang='lat' dir='ltr'><strong>-cni</strong></span> 
     </span>
     <span class='ocr_line' id='line_1_7' title="bbox 281 1007 1375 1088; baseline -0.002 -18"><span class='ocrx_word' id='word_1_59' title='bbox 281 1029 341 1070; x_wconf 91' lang='lat' dir='ltr'><strong>non</strong></span> <span class='ocrx_word' id='word_1_60' title='bbox 355 1009 434 1070; x_wconf 90' lang='lat' dir='ltr'><strong>idem</strong></span> <span class='ocrx_word' id='word_1_61' title='bbox 447 1008 527 1088; x_wconf 91' lang='lat' dir='ltr'><strong>quod</strong></span> <span class='ocrx_word' id='word_1_62' title='bbox 541 1008 600 1068; x_wconf 89' lang='lat' dir='ltr'><strong>illis</strong></span> <span class='ocrx_word' id='word_1_63' title='bbox 614 1008 720 1087; x_wconf 84' lang='lat' dir='ltr'><strong>sapiet,</strong></span> <span class='ocrx_word' id='word_1_64' title='bbox 741 1018 793 1068; x_wconf 86' lang='lat' dir='ltr'><strong>sut</strong></span> <span class='ocrx_word' id='word_1_65' title='bbox 816 1007 867 1086; x_wconf 92' lang='lat' dir='ltr'><strong>qui</strong></span> <span class='ocrx_word' id='word_1_66' title='bbox 878 1026 978 1085; x_wconf 71' lang='lat' dir='ltr'><strong>eorum</strong></span> <span class='ocrx_word' id='word_1_67' title='bbox 992 1018 1141 1087; x_wconf 73' lang='lat' dir='ltr'><strong>praecepte</strong></span> <span class='ocrx_word' id='word_1_68' title='bbox 1155 1027 1215 1068; x_wconf 88' lang='lat' dir='ltr'><strong>non</strong></span> <span class='ocrx_word' id='word_1_69' title='bbox 1229 1010 1375 1078; x_wconf 79' lang='lat' dir='ltr'><strong>observet,</strong></span> 
     </span>
     <span class='ocr_line' id='line_1_8' title="bbox 281 1101 1377 1182; baseline -0.003 -17"><span class='ocrx_word' id='word_1_70' title='bbox 281 1104 362 1166; x_wconf 87' lang='lat' dir='ltr'><strong>uude</strong></span> <span class='ocrx_word' id='word_1_71' title='bbox 374 1115 518 1182; x_wconf 87' lang='lat' dir='ltr'><strong>quantum</strong></span> <span class='ocrx_word' id='word_1_72' title='bbox 532 1102 722 1172; x_wconf 82' lang='lat' dir='ltr'><strong>aberraveris,</strong></span> <span class='ocrx_word' id='word_1_73' title='bbox 736 1111 849 1162; x_wconf 87' lang='lat' dir='ltr'><strong>tentum</strong></span> <span class='ocrx_word' id='word_1_74' title='bbox 873 1102 911 1160; x_wconf 84' lang='lat' dir='ltr'><strong>ab</strong></span> <span class='ocrx_word' id='word_1_75' title='bbox 931 1101 996 1179; x_wconf 85' lang='lat' dir='ltr'><strong>ipsa</strong></span> <span class='ocrx_word' id='word_1_76' title='bbox 1016 1112 1123 1161; x_wconf 85' lang='lat' dir='ltr'><strong>natura</strong></span> <span class='ocrx_word' id='word_1_77' title='bbox 1135 1113 1166 1162; x_wconf 89' lang='lat' dir='ltr'><strong>et</strong></span> <span class='ocrx_word' id='word_1_78' title='bbox 1180 1104 1300 1163; x_wconf 80' lang='lat' dir='ltr'><strong>veritate</strong></span> <span class='ocrx_word' id='word_1_79' title='bbox 1314 1102 1377 1163; x_wconf 91' lang='lat' dir='ltr'><strong>dis·</strong></span> 
     </span>
     <span class='ocr_line' id='line_1_9' title="bbox 281 1196 1377 1276; baseline -0.001 -17"><span class='ocrx_word' id='word_1_80' title='bbox 281 1199 416 1263; x_wconf 84' lang='lat' dir='ltr'><strong>cesseris.</strong></span> <span class='ocrx_word' id='word_1_81' title='bbox 457 1198 561 1276; x_wconf 85' lang='lat' dir='ltr'><strong>Neque</strong></span> <span class='ocrx_word' id='word_1_82' title='bbox 574 1216 674 1258; x_wconf 79' lang='lat' dir='ltr'><strong>verear</strong></span> <span class='ocrx_word' id='word_1_83' title='bbox 686 1199 870 1268; x_wconf 82' lang='lat' dir='ltr'><strong>confirmare,</strong></span> <span class='ocrx_word' id='word_1_84' title='bbox 884 1215 943 1257; x_wconf 92' lang='lat' dir='ltr'><strong>non</strong></span> <span class='ocrx_word' id='word_1_85' title='bbox 960 1215 1027 1256; x_wconf 88' lang='lat' dir='ltr'><strong>esse</strong></span> <span class='ocrx_word' id='word_1_86' title='bbox 1049 1196 1197 1258; x_wconf 84' lang='lat' dir='ltr'><strong>difficilius</strong></span> <span class='ocrx_word' id='word_1_87' title='bbox 1223 1199 1286 1258; x_wconf 90' lang='lat' dir='ltr'><strong>sine</strong></span> <span class='ocrx_word' id='word_1_88' title='bbox 1311 1199 1377 1259; x_wconf 87' lang='lat' dir='ltr'><strong>luoe</strong></span> 
     </span>
     <span class='ocr_line' id='line_1_10' title="bbox 282 1291 1377 1372; baseline -0.003 -17"><span class='ocrx_word' id='word_1_89' title='bbox 282 1303 335 1355; x_wconf 80' lang='lat' dir='ltr'><strong>aut</strong></span> <span class='ocrx_word' id='word_1_90' title='bbox 355 1292 451 1354; x_wconf 89' lang='lat' dir='ltr'><strong>oculis</strong></span> <span class='ocrx_word' id='word_1_91' title='bbox 473 1292 592 1372; x_wconf 86' lang='lat' dir='ltr'><strong>objecta</strong></span> <span class='ocrx_word' id='word_1_92' title='bbox 614 1291 789 1371; x_wconf 75' lang='lat' dir='ltr'><strong>perspicere,</strong></span> <span class='ocrx_word' id='word_1_93' title='bbox 814 1311 903 1372; x_wconf 86' lang='lat' dir='ltr'><strong>quem</strong></span> <span class='ocrx_word' id='word_1_94' title='bbox 926 1291 1050 1352; x_wconf 88' lang='lat' dir='ltr'><strong>solidam</strong></span> <span class='ocrx_word' id='word_1_95' title='bbox 1065 1291 1184 1353; x_wconf 83' lang='lat' dir='ltr'><strong>laudem</strong></span> <span class='ocrx_word' id='word_1_96' title='bbox 1198 1293 1333 1372; x_wconf 84' lang='lat' dir='ltr'><strong>adipisci,</strong></span> <span class='ocrx_word' id='word_1_97' title='bbox 1347 1305 1377 1353; x_wconf 86' lang='lat' dir='ltr'><strong>et</strong></span> 
     </span>
     <span class='ocr_line' id='line_1_11' title="bbox 281 1386 1377 1468; baseline -0.002 -19"><span class='ocrx_word' id='word_1_98' title='bbox 281 1389 433 1468; x_wconf 73' lang='lat' dir='ltr'><strong>ingenium</strong></span> <span class='ocrx_word' id='word_1_99' title='bbox 455 1388 589 1448; x_wconf 78' lang='lat' dir='ltr'>excolere</span> <span class='ocrx_word' id='word_1_100' title='bbox 611 1387 676 1447; x_wconf 88' lang='lat' dir='ltr'><strong>aliis</strong></span> <span class='ocrx_word' id='word_1_101' title='bbox 694 1387 868 1458; x_wconf 85' lang='lat' dir='ltr'><strong>rationibus,</strong></span> <span class='ocrx_word' id='word_1_102' title='bbox 891 1406 979 1466; x_wconf 89' lang='lat' dir='ltr'><strong>quam</strong></span> <span class='ocrx_word' id='word_1_103' title='bbox 1002 1404 1078 1466; x_wconf 81' lang='lat' dir='ltr'><strong>quas</strong></span> <span class='ocrx_word' id='word_1_104' title='bbox 1093 1386 1193 1447; x_wconf 68' lang='lat' dir='ltr'><strong>Greci</strong></span> <span class='ocrx_word' id='word_1_105' title='bbox 1206 1397 1237 1448; x_wconf 90' lang='lat' dir='ltr'><strong>et</strong></span> <span class='ocrx_word' id='word_1_106' title='bbox 1251 1387 1377 1448; x_wconf 80' lang='lat' dir='ltr'><strong>Romani</strong></span> 
     </span>
     <span class='ocr_line' id='line_1_12' title="bbox 282 1481 1377 1565; baseline -0.003 -21"><span class='ocrx_word' id='word_1_107' title='bbox 282 1485 368 1544; x_wconf 90' lang='lat' dir='ltr'><strong>nobis</strong></span> <span class='ocrx_word' id='word_1_108' title='bbox 380 1485 643 1565; x_wconf 70' lang='lat' dir='ltr'><strong>prescripserunt:</strong></span> <span class='ocrx_word' id='word_1_109' title='bbox 664 1484 725 1543; x_wconf 79' lang='lat' dir='ltr'><strong>sive</strong></span> <span class='ocrx_word' id='word_1_110' title='bbox 738 1484 816 1542; x_wconf 89' lang='lat' dir='ltr'><strong>enim</strong></span> <span class='ocrx_word' id='word_1_111' title='bbox 840 1483 964 1563; x_wconf 89' lang='lat' dir='ltr'><strong>propriis</strong></span> <span class='ocrx_word' id='word_1_112' title='bbox 977 1481 1070 1542; x_wconf 82' lang='lat' dir='ltr'><strong>felicis</strong></span> <span class='ocrx_word' id='word_1_113' title='bbox 1085 1483 1195 1562; x_wconf 77' lang='lat' dir='ltr'><strong>ingenii</strong></span> <span class='ocrx_word' id='word_1_114' title='bbox 1209 1483 1318 1544; x_wconf 81' lang='lat' dir='ltr'><strong>viribus</strong></span> <span class='ocrx_word' id='word_1_115' title='bbox 1332 1483 1377 1542; x_wconf 89' lang='lat' dir='ltr'><strong>iu·</strong></span> 
     </span>
     <span class='ocr_line' id='line_1_13' title="bbox 282 1576 1377 1655; baseline 0 -19"><span class='ocrx_word' id='word_1_116' title='bbox 282 1578 354 1652; x_wconf 80' lang='lat' dir='ltr'><strong>nisi,</strong></span> <span class='ocrx_word' id='word_1_117' title='bbox 373 1580 484 1640; x_wconf 84' lang='lat' dir='ltr'><strong>aiseeb</strong></span> <span class='ocrx_word' id='word_1_118' title='bbox 497 1589 560 1638; x_wconf 87' lang='lat' dir='ltr'><strong>erte</strong></span> <span class='ocrx_word' id='word_1_119' title='bbox 580 1589 612 1638; x_wconf 88' lang='lat' dir='ltr'><strong>et</strong></span> <span class='ocrx_word' id='word_1_120' title='bbox 632 1577 739 1638; x_wconf 88' lang='lat' dir='ltr'><strong>studiis</strong></span> <span class='ocrx_word' id='word_1_121' title='bbox 762 1578 909 1649; x_wconf 86' lang='lat' dir='ltr'><strong>instructi,</strong></span> <span class='ocrx_word' id='word_1_122' title='bbox 929 1596 1029 1638; x_wconf 86' lang='lat' dir='ltr'><strong>serum</strong></span> <span class='ocrx_word' id='word_1_123' title='bbox 1041 1576 1174 1655; x_wconf 78' lang='lat' dir='ltr'><strong>vestigiis</strong></span> <span class='ocrx_word' id='word_1_124' title='bbox 1189 1577 1377 1637; x_wconf 87' lang='lat' dir='ltr'><strong>succedimus</strong></span> 
     </span>
     <span class='ocr_line' id='line_1_14' title="bbox 282 1672 1376 1752; baseline -0.004 -17"><span class='ocrx_word' id='word_1_125' title='bbox 282 1683 393 1736; x_wconf 86' lang='lat' dir='ltr'><strong>tamen.</strong></span> <span class='ocrx_word' id='word_1_126' title='bbox 435 1674 493 1742; x_wconf 88' lang='lat' dir='ltr'><strong>Qui</strong></span> <span class='ocrx_word' id='word_1_127' title='bbox 518 1683 616 1734; x_wconf 87' lang='lat' dir='ltr'><strong>sutem</strong></span> <span class='ocrx_word' id='word_1_128' title='bbox 639 1674 784 1752; x_wconf 79' lang='lat' dir='ltr'><strong>Antiquos</strong></span> <span class='ocrx_word' id='word_1_129' title='bbox 807 1672 959 1744; x_wconf 87' lang='lat' dir='ltr'><strong>damnant,</strong></span> <span class='ocrx_word' id='word_1_130' title='bbox 983 1691 1076 1734; x_wconf 83' lang='lat' dir='ltr'><strong>causa</strong></span> <span class='ocrx_word' id='word_1_131' title='bbox 1089 1690 1147 1731; x_wconf 86' lang='lat' dir='ltr'><strong>uon</strong></span> <span class='ocrx_word' id='word_1_132' title='bbox 1163 1672 1293 1750; x_wconf 83' lang='lat' dir='ltr'><strong>cognita,</strong></span> <span class='ocrx_word' id='word_1_133' title='bbox 1315 1690 1376 1731; x_wconf 90' lang='lat' dir='ltr'><strong>uon</strong></span> 
     </span>
     <span class='ocr_line' id='line_1_15' title="bbox 283 1767 1378 1848; baseline -0.003 -18"><span class='ocrx_word' id='word_1_134' title='bbox 283 1770 336 1830; x_wconf 86' lang='lat' dir='ltr'><strong>abs</strong></span> <span class='ocrx_word' id='word_1_135' title='bbox 351 1789 383 1830; x_wconf 87' lang='lat' dir='ltr'><strong>re</strong></span> <span class='ocrx_word' id='word_1_136' title='bbox 393 1771 458 1840; x_wconf 88' lang='lat' dir='ltr'><strong>erit,</strong></span> <span class='ocrx_word' id='word_1_137' title='bbox 471 1786 523 1829; x_wconf 83' lang='lat' dir='ltr'><strong>eos</strong></span> <span class='ocrx_word' id='word_1_138' title='bbox 537 1768 629 1830; x_wconf 90' lang='lat' dir='ltr'><strong>semel</strong></span> <span class='ocrx_word' id='word_1_139' title='bbox 643 1779 674 1830; x_wconf 89' lang='lat' dir='ltr'><strong>et</strong></span> <span class='ocrx_word' id='word_1_140' title='bbox 687 1768 777 1829; x_wconf 89' lang='lat' dir='ltr'><strong>simul</strong></span> <span class='ocrx_word' id='word_1_141' title='bbox 789 1778 875 1828; x_wconf 86' lang='lat' dir='ltr'><strong>tento</strong></span> <span class='ocrx_word' id='word_1_142' title='bbox 890 1786 986 1848; x_wconf 82' lang='lat' dir='ltr'><strong>errore</strong></span> <span class='ocrx_word' id='word_1_143' title='bbox 1000 1767 1134 1839; x_wconf 84' lang='lat' dir='ltr'><strong>liberare,</strong></span> <span class='ocrx_word' id='word_1_144' title='bbox 1145 1777 1178 1826; x_wconf 91' lang='lat' dir='ltr'><strong>ut</strong></span> <span class='ocrx_word' id='word_1_145' title='bbox 1191 1767 1264 1846; x_wconf 89' lang='lat' dir='ltr'><strong>ipsis</strong></span> <span class='ocrx_word' id='word_1_146' title='bbox 1279 1767 1378 1846; x_wconf 86' lang='lat' dir='ltr'><strong>pelam</strong></span> 
     </span>
     <span class='ocr_line' id='line_1_16' title="bbox 282 1861 1377 1941; baseline -0.001 -19"><span class='ocrx_word' id='word_1_147' title='bbox 282 1864 346 1934; x_wconf 87' lang='lat' dir='ltr'><strong>liet,</strong></span> <span class='ocrx_word' id='word_1_148' title='bbox 369 1881 413 1932; x_wconf 87' lang='lat' dir='ltr'><strong>se,</strong></span> <span class='ocrx_word' id='word_1_149' title='bbox 434 1863 506 1923; x_wconf 90' lang='lat' dir='ltr'><strong>dum</strong></span> <span class='ocrx_word' id='word_1_150' title='bbox 528 1863 618 1923; x_wconf 92' lang='lat' dir='ltr'><strong>nimio</strong></span> <span class='ocrx_word' id='word_1_151' title='bbox 639 1863 670 1922; x_wconf 88' lang='lat' dir='ltr'><strong>in</strong></span> <span class='ocrx_word' id='word_1_152' title='bbox 692 1861 769 1923; x_wconf 82' lang='lat' dir='ltr'><strong>benc</strong></span> <span class='ocrx_word' id='word_1_153' title='bbox 783 1872 902 1922; x_wconf 69' lang='lat' dir='ltr'><strong>aetatem</strong></span> <span class='ocrx_word' id='word_1_154' title='bbox 916 1861 1014 1922; x_wconf 88' lang='lat' dir='ltr'><strong>studio</strong></span> <span class='ocrx_word' id='word_1_155' title='bbox 1035 1863 1195 1922; x_wconf 81' lang='lat' dir='ltr'><strong>transversi</strong></span> <span class='ocrx_word' id='word_1_156' title='bbox 1216 1863 1377 1941; x_wconf 86' lang='lat' dir='ltr'><strong>rapiuntur,</strong></span> 
     </span>
     <span class='ocr_line' id='line_1_17' title="bbox 282 1956 1378 2037; baseline -0.004 -17"><span class='ocrx_word' id='word_1_157' title='bbox 282 1957 347 2036; x_wconf 83' lang='lat' dir='ltr'><strong>ejus</strong></span> <span class='ocrx_word' id='word_1_158' title='bbox 368 1956 455 2017; x_wconf 81' lang='lat' dir='ltr'><strong>laurea</strong></span> <span class='ocrx_word' id='word_1_159' title='bbox 476 1958 555 2037; x_wconf 90' lang='lat' dir='ltr'><strong>epud</strong></span> <span class='ocrx_word' id='word_1_160' title='bbox 575 1969 710 2037; x_wconf 86' lang='lat' dir='ltr'><strong>posteros</strong></span> <span class='ocrx_word' id='word_1_161' title='bbox 732 1959 944 2037; x_wconf 74' lang='lat' dir='ltr'><strong>gravissimum</strong></span> <span class='ocrx_word' id='word_1_162' title='bbox 959 1957 1066 2019; x_wconf 80' lang='lat' dir='ltr'><strong>vulnus</strong></span> <span class='ocrx_word' id='word_1_163' title='bbox 1088 1956 1288 2036; x_wconf 79' lang='lat' dir='ltr'><strong>imprudentes</strong></span> <span class='ocrx_word' id='word_1_164' title='bbox 1302 1957 1378 2016; x_wconf 87' lang='lat' dir='ltr'><strong>infli-</strong></span> 
     </span>
     <span class='ocr_line' id='line_1_18' title="bbox 284 2051 1378 2132; baseline -0.001 -21"><span class='ocrx_word' id='word_1_165' title='bbox 284 2070 364 2130; x_wconf 80' lang='lat' dir='ltr'><strong>gere.</strong></span> <span class='ocrx_word' id='word_1_166' title='bbox 407 2052 566 2120; x_wconf 78' lang='lat' dir='ltr'><strong>Quodnam</strong></span> <span class='ocrx_word' id='word_1_167' title='bbox 587 2054 665 2112; x_wconf 85' lang='lat' dir='ltr'><strong>enirn</strong></span> <span class='ocrx_word' id='word_1_168' title='bbox 689 2054 851 2132; x_wconf 81' lang='lat' dir='ltr'><strong>excogitari</strong></span> <span class='ocrx_word' id='word_1_169' title='bbox 874 2063 973 2132; x_wconf 87' lang='lat' dir='ltr'><strong>potest</strong></span> <span class='ocrx_word' id='word_1_170' title='bbox 995 2053 1103 2113; x_wconf 83' lang='lat' dir='ltr'><strong>clarius</strong></span> <span class='ocrx_word' id='word_1_171' title='bbox 1121 2062 1325 2131; x_wconf 71' lang='lat' dir='ltr'><strong>argumentum</strong></span> <span class='ocrx_word' id='word_1_172' title='bbox 1338 2051 1378 2112; x_wconf 88' lang='lat' dir='ltr'><strong>ad</strong></span> 
     </span>
     <span class='ocr_line' id='line_1_19' title="bbox 284 2145 1378 2227; baseline -0.001 -20"><span class='ocrx_word' id='word_1_173' title='bbox 284 2146 386 2207; x_wconf 75' lang='lat' dir='ltr'><strong>seculi</strong></span> <span class='ocrx_word' id='word_1_174' title='bbox 398 2147 528 2226; x_wconf 77' lang='lat' dir='ltr'><strong>cujusvis</strong></span> <span class='ocrx_word' id='word_1_175' title='bbox 540 2147 746 2225; x_wconf 77' lang='lat' dir='ltr'><strong>ignorantium,</strong></span> <span class='ocrx_word' id='word_1_176' title='bbox 756 2149 914 2227; x_wconf 86' lang='lat' dir='ltr'><strong>sutpou&#39;us</strong></span> <span class='ocrx_word' id='word_1_177' title='bbox 922 2147 1096 2220; x_wconf 80' lang='lat' dir='ltr'><strong>barbariem,</strong></span> <span class='ocrx_word' id='word_1_178' title='bbox 1105 2145 1378 2216; x_wconf 77' lang='lat' dir='ltr'><strong>demonstrandam,</strong></span> 
     </span>
     <span class='ocr_line' id='line_1_20' title="bbox 283 2241 1378 2322; baseline 0.001 -22"><span class='ocrx_word' id='word_1_179' title='bbox 283 2259 372 2320; x_wconf 85' lang='lat' dir='ltr'><strong>quam</strong></span> <span class='ocrx_word' id='word_1_180' title='bbox 385 2241 466 2320; x_wconf 89' lang='lat' dir='ltr'><strong>qnod</strong></span> <span class='ocrx_word' id='word_1_181' title='bbox 486 2241 525 2300; x_wconf 90' lang='lat' dir='ltr'><strong>ibi</strong></span> <span class='ocrx_word' id='word_1_182' title='bbox 548 2241 695 2302; x_wconf 85' lang='lat' dir='ltr'><strong>Homerus</strong></span> <span class='ocrx_word' id='word_1_183' title='bbox 719 2243 821 2303; x_wconf 81' lang='lat' dir='ltr'><strong>audiet</strong></span> <span class='ocrx_word' id='word_1_184' title='bbox 841 2243 970 2322; x_wconf 83' lang='lat' dir='ltr'><strong>ineptus,</strong></span> <span class='ocrx_word' id='word_1_185' title='bbox 992 2242 1079 2303; x_wconf 90' lang='lat' dir='ltr'><strong>Plato</strong></span> <span class='ocrx_word' id='word_1_186' title='bbox 1093 2242 1132 2302; x_wconf 86' lang='lat' dir='ltr'><strong>ed</strong></span> <span class='ocrx_word' id='word_1_187' title='bbox 1145 2241 1296 2302; x_wconf 77' lang='lat' dir='ltr'><strong>fastidium</strong></span> <span class='ocrx_word' id='word_1_188' title='bbox 1309 2261 1378 2321; x_wconf 93' lang='lat' dir='ltr'><strong>pro·</strong></span> 
     </span>
     <span class='ocr_line' id='line_1_21' title="bbox 283 2335 1376 2417; baseline 0 -21"><span class='ocrx_word' id='word_1_189' title='bbox 283 2335 372 2408; x_wconf 82' lang='lat' dir='ltr'><strong>lisus,</strong></span> <span class='ocrx_word' id='word_1_190' title='bbox 397 2337 570 2398; x_wconf 80' lang='lat' dir='ltr'><strong>Aristoteles</strong></span> <span class='ocrx_word' id='word_1_191' title='bbox 593 2356 696 2417; x_wconf 82' lang='lat' dir='ltr'><strong>parum</strong></span> <span class='ocrx_word' id='word_1_192' title='bbox 720 2337 838 2410; x_wconf 86' lang='lat' dir='ltr'><strong>doctus,</strong></span> <span class='ocrx_word' id='word_1_193' title='bbox 859 2337 1075 2399; x_wconf 86' lang='lat' dir='ltr'><strong>Demosthenes</strong></span> <span class='ocrx_word' id='word_1_194' title='bbox 1094 2347 1124 2398; x_wconf 89' lang='lat' dir='ltr'><strong>et</strong></span> <span class='ocrx_word' id='word_1_195' title='bbox 1144 2337 1249 2397; x_wconf 82' lang='lat' dir='ltr'><strong>Cicero</strong></span> <span class='ocrx_word' id='word_1_196' title='bbox 1261 2357 1278 2396; x_wconf 89' lang='lat' dir='ltr'><strong>e</strong></span> <span class='ocrx_word' id='word_1_197' title='bbox 1292 2336 1376 2397; x_wconf 83' lang='lat' dir='ltr'><strong>trivio</strong></span> 
     </span>
     <span class='ocr_line' id='line_1_22' title="bbox 285 2429 1376 2511; baseline 0.004 -23"><span class='ocrx_word' id='word_1_198' title='bbox 285 2429 463 2504; x_wconf 87' lang='lat' dir='ltr'><strong>Oratorculi,</strong></span> <span class='ocrx_word' id='word_1_199' title='bbox 478 2432 619 2510; x_wconf 82' lang='lat' dir='ltr'><strong>Virgilius</strong></span> <span class='ocrx_word' id='word_1_200' title='bbox 639 2431 733 2492; x_wconf 67' lang='lat' dir='ltr'><strong>Poeta</strong></span> <span class='ocrx_word' id='word_1_201' title='bbox 753 2432 843 2493; x_wconf 87' lang='lat' dir='ltr'><strong>nullis</strong></span> <span class='ocrx_word' id='word_1_202' title='bbox 866 2433 979 2511; x_wconf 77' lang='lat' dir='ltr'><strong>gratiis,</strong></span> <span class='ocrx_word' id='word_1_203' title='bbox 1002 2431 1085 2492; x_wconf 89' lang='lat' dir='ltr'><strong>nullo</strong></span> <span class='ocrx_word' id='word_1_204' title='bbox 1106 2441 1222 2504; x_wconf 83' lang='lat' dir='ltr'><strong>ornatu,</strong></span> <span class='ocrx_word' id='word_1_205' title='bbox 1237 2431 1376 2492; x_wconf 78' lang='lat' dir='ltr'><strong>Horatius</strong></span> 
     </span>
    </p>
   </div>
   <div class='ocr_carea' id='block_1_3' title="bbox 283 2525 1380 2894">
    <p class='ocr_par' dir='ltr' id='par_1_3' title="bbox 283 2525 1380 2894">
     <span class='ocr_line' id='line_1_23' title="bbox 283 2525 1378 2608; baseline 0.004 -23"><span class='ocrx_word' id='word_1_206' title='bbox 283 2525 413 2606; x_wconf 86' lang='lat' dir='ltr'><strong>denique</strong></span> <span class='ocrx_word' id='word_1_207' title='bbox 426 2527 518 2599; x_wconf 87' lang='lat' dir='ltr'><strong>rudis,</strong></span> <span class='ocrx_word' id='word_1_208' title='bbox 532 2527 661 2601; x_wconf 87' lang='lat' dir='ltr'><strong>humilis,</strong></span> <span class='ocrx_word' id='word_1_209' title='bbox 672 2536 705 2587; x_wconf 87' lang='lat' dir='ltr'><strong>et</strong></span> <span class='ocrx_word' id='word_1_210' title='bbox 717 2528 783 2589; x_wconf 87' lang='lat' dir='ltr'><strong>sine</strong></span> <span class='ocrx_word' id='word_1_211' title='bbox 796 2528 915 2590; x_wconf 87' lang='lat' dir='ltr'><strong>nerrisl</strong></span> <span class='ocrx_word' id='word_1_212' title='bbox 944 2529 1083 2588; x_wconf 68' lang='lat' dir='ltr'><strong>Barbare</strong></span> <span class='ocrx_word' id='word_1_213' title='bbox 1097 2527 1156 2588; x_wconf 86' lang='lat' dir='ltr'><strong>illes</strong></span> <span class='ocrx_word' id='word_1_214' title='bbox 1174 2537 1290 2606; x_wconf 75' lang='lat' dir='ltr'><strong>gentes,</strong></span> <span class='ocrx_word' id='word_1_215' title='bbox 1311 2547 1378 2608; x_wconf 79' lang='lat' dir='ltr'><strong>quse</strong></span> 
     </span>
     <span class='ocr_line' id='line_1_24' title="bbox 284 2620 1379 2704; baseline 0.005 -24"><span class='ocrx_word' id='word_1_216' title='bbox 284 2620 434 2682; x_wconf 72' lang='lat' dir='ltr'><strong>Graeciam</strong></span> <span class='ocrx_word' id='word_1_217' title='bbox 446 2630 477 2683; x_wconf 86' lang='lat' dir='ltr'><strong>et</strong></span> <span class='ocrx_word' id='word_1_218' title='bbox 491 2622 607 2682; x_wconf 83' lang='lat' dir='ltr'><strong>ltaliam</strong></span> <span class='ocrx_word' id='word_1_219' title='bbox 629 2623 816 2703; x_wconf 82' lang='lat' dir='ltr'><strong>populantes,</strong></span> <span class='ocrx_word' id='word_1_220' title='bbox 842 2634 926 2686; x_wconf 84' lang='lat' dir='ltr'><strong>tento</strong></span> <span class='ocrx_word' id='word_1_221' title='bbox 944 2625 1041 2684; x_wconf 86' lang='lat' dir='ltr'><strong>lurore</strong></span> <span class='ocrx_word' id='word_1_222' title='bbox 1064 2625 1285 2702; x_wconf 62' lang='lat' dir='ltr'><strong>mutabantur,</strong></span> <span class='ocrx_word' id='word_1_223' title='bbox 1307 2621 1379 2704; x_wconf 89' lang='lat' dir='ltr'><strong>quid</strong></span> 
     </span>
     <span class='ocr_line' id='line_1_25' title="bbox 285 2717 1377 2798; baseline 0.004 -22"><span class='ocrx_word' id='word_1_224' title='bbox 285 2736 417 2797; x_wconf 82' lang='lat' dir='ltr'><strong>unquam</strong></span> <span class='ocrx_word' id='word_1_225' title='bbox 439 2717 470 2776; x_wconf 92' lang='lat' dir='ltr'><strong>in</strong></span> <span class='ocrx_word' id='word_1_226' title='bbox 494 2718 629 2778; x_wconf 87' lang='lat' dir='ltr'><strong>delendis</strong></span> <span class='ocrx_word' id='word_1_227' title='bbox 652 2719 854 2798; x_wconf 82' lang='lat' dir='ltr'><strong>pulcherrimis</strong></span> <span class='ocrx_word' id='word_1_228' title='bbox 879 2723 1035 2782; x_wconf 82' lang='lat' dir='ltr'><strong>vetustatis</strong></span> <span class='ocrx_word' id='word_1_229' title='bbox 1056 2721 1253 2782; x_wconf 86' lang='lat' dir='ltr'><strong>monumentis</strong></span> <span class='ocrx_word' id='word_1_230' title='bbox 1276 2721 1377 2780; x_wconf 91' lang='lat' dir='ltr'><strong>tetrius</strong></span> 
     </span>
     <span class='ocr_line' id='line_1_26' title="bbox 285 2811 1380 2894; baseline 0.004 -22"><span class='ocrx_word' id='word_1_231' title='bbox 285 2811 351 2874; x_wconf 83' lang='lat' dir='ltr'><strong>ausi</strong></span> <span class='ocrx_word' id='word_1_232' title='bbox 365 2811 457 2872; x_wconf 80' lang='lat' dir='ltr'><strong>suntl</strong></span> <span class='ocrx_word' id='word_1_233' title='bbox 485 2813 565 2881; x_wconf 88' lang='lat' dir='ltr'><strong>Quid</strong></span> <span class='ocrx_word' id='word_1_234' title='bbox 580 2815 674 2892; x_wconf 73' lang='lat' dir='ltr'><strong>magis</strong></span> <span class='ocrx_word' id='word_1_235' title='bbox 688 2814 887 2876; x_wconf 82' lang='lat' dir='ltr'><strong>horrenduml</strong></span> <span class='ocrx_word' id='word_1_236' title='bbox 916 2816 1024 2874; x_wconf 89' lang='lat' dir='ltr'><strong>Verum</strong></span> <span class='ocrx_word' id='word_1_237' title='bbox 1039 2833 1107 2894; x_wconf 88' lang='lat' dir='ltr'><strong>spes</strong></span> <span class='ocrx_word' id='word_1_238' title='bbox 1122 2824 1240 2874; x_wconf 87' lang='lat' dir='ltr'><strong>estnon</strong></span> <span class='ocrx_word' id='word_1_239' title='bbox 1256 2815 1309 2875; x_wconf 90' lang='lat' dir='ltr'><strong>toti</strong></span> <span class='ocrx_word' id='word_1_240' title='bbox 1323 2833 1380 2876; x_wconf 77' lang='lat' dir='ltr'><strong>ser·</strong></span> 
     </span>
    </p>
   </div>
   <div class='ocr_carea' id='block_1_4' title="bbox 284 2898 1397 3065">
    <p class='ocr_par' dir='ltr' id='par_1_4' title="bbox 284 2898 1397 3065">
     <span class='ocr_line' id='line_1_27' title="bbox 284 2898 1397 3065; baseline 0.004 -99"><span class='ocrx_word' id='word_1_241' title='bbox 284 2908 542 3065; x_wconf 55' lang='lat' dir='ltr'><strong>lulodimpumum</strong></span> <span class='ocrx_word' id='word_1_242' title='bbox 557 2909 592 2968; x_wconf 90' lang='lat' dir='ltr'><strong>iri</strong></span> <span class='ocrx_word' id='word_1_243' title='bbox 605 2910 791 2988; x_wconf 85' lang='lat' dir='ltr'><strong>quorundam</strong></span> <span class='ocrx_word' id='word_1_244' title='bbox 806 2929 973 2990; x_wconf 83' lang='lat' dir='ltr'><strong>perversum</strong></span> <span class='ocrx_word' id='word_1_245' title='bbox 996 2907 1149 2990; x_wconf 91' lang='lat' dir='ltr'><strong>judicium,</strong></span> <span class='ocrx_word' id='word_1_246' title='bbox 1165 2927 1227 3005; x_wconf 67' lang='lat' dir='ltr'><strong>¹nec</strong></span> <span class='ocrx_word' id='word_1_247' title='bbox 1240 2898 1397 2990; x_wconf 79' lang='lat' dir='ltr'><strong>Antiquis‘</strong></span> 
     </span>
     <span class='ocr_line' id='line_1_28' title="bbox 299 3002 469 3063; baseline 0.018 -3"><span class='ocrx_word' id='word_1_248' title='bbox 299 3020 351 3062; x_wconf 85' lang='lat' dir='ltr'><strong>rau</strong></span> <span class='ocrx_word' id='word_1_249' title='bbox 375 3002 469 3063; x_wconf 87' lang='lat' dir='ltr'><strong>isore.</strong></span> 
     </span>
    </p>
   </div>
   <div class='ocr_carea' id='block_1_5' title="bbox 282 3097 1379 3556">
    <p class='ocr_par' dir='ltr' id='par_1_5' title="bbox 282 3097 1379 3556">
     <span class='ocr_line' id='line_1_29' title="bbox 327 3097 1379 3178; baseline 0.007 -23"><span class='ocrx_word' id='word_1_250' title='bbox 327 3097 450 3157; x_wconf 80' lang='lat' dir='ltr'><strong>Frustra</strong></span> <span class='ocrx_word' id='word_1_251' title='bbox 474 3098 635 3178; x_wconf 83' lang='lat' dir='ltr'><strong>Imperator</strong></span> <span class='ocrx_word' id='word_1_252' title='bbox 657 3099 706 3160; x_wconf 91' lang='lat' dir='ltr'><strong>ille</strong></span> <span class='ocrx_word' id='word_1_253' title='bbox 729 3119 812 3160; x_wconf 73' lang='lat' dir='ltr'><strong>mma</strong></span> <span class='ocrx_word' id='word_1_254' title='bbox 832 3101 862 3160; x_wconf 92' lang='lat' dir='ltr'><strong>iu</strong></span> <span class='ocrx_word' id='word_1_255' title='bbox 888 3101 1059 3172; x_wconf 88' lang='lat' dir='ltr'><strong>Homerum,</strong></span> <span class='ocrx_word' id='word_1_256' title='bbox 1084 3099 1252 3178; x_wconf 77' lang='lat' dir='ltr'><strong>Virgilium,</strong></span> <span class='ocrx_word' id='word_1_257' title='bbox 1280 3101 1379 3163; x_wconf 87' lang='lat' dir='ltr'><strong>Titum</strong></span> 
     </span>
     <span class='ocr_line' id='line_1_30' title="bbox 286 3191 1379 3258; baseline 0.005 -6"><span class='ocrx_word' id='word_1_258' title='bbox 286 3191 399 3252; x_wconf 81' lang='lat' dir='ltr'><strong>livium</strong></span> <span class='ocrx_word' id='word_1_259' title='bbox 423 3193 533 3252; x_wconf 84' lang='lat' dir='ltr'><strong>movit:</strong></span> <span class='ocrx_word' id='word_1_260' title='bbox 554 3194 704 3253; x_wconf 88' lang='lat' dir='ltr'><strong>incassum</strong></span> <span class='ocrx_word' id='word_1_261' title='bbox 722 3194 855 3254; x_wconf 89' lang='lat' dir='ltr'><strong>cecidere</strong></span> <span class='ocrx_word' id='word_1_262' title='bbox 879 3197 954 3256; x_wconf 83' lang='lat' dir='ltr'><strong>tenti</strong></span> <span class='ocrx_word' id='word_1_263' title='bbox 974 3204 1118 3257; x_wconf 85' lang='lat' dir='ltr'><strong>conatus:</strong></span> <span class='ocrx_word' id='word_1_264' title='bbox 1140 3194 1248 3257; x_wconf 87' lang='lat' dir='ltr'><strong>bellum</strong></span> <span class='ocrx_word' id='word_1_265' title='bbox 1262 3196 1379 3258; x_wconf 74' lang='lat' dir='ltr'><strong>amolu-</strong></span> 
     </span>
     <span class='ocr_line' id='line_1_31' title="bbox 284 3285 1378 3371; baseline 0.006 -26"><span class='ocrx_word' id='word_1_266' title='bbox 284 3285 408 3346; x_wconf 89' lang='lat' dir='ltr'><strong>tissimis</strong></span> <span class='ocrx_word' id='word_1_267' title='bbox 421 3287 558 3367; x_wconf 86' lang='lat' dir='ltr'><strong>operibus</strong></span> <span class='ocrx_word' id='word_1_268' title='bbox 572 3288 715 3348; x_wconf 90' lang='lat' dir='ltr'><strong>indictum</strong></span> <span class='ocrx_word' id='word_1_269' title='bbox 726 3289 799 3368; x_wconf 87' lang='lat' dir='ltr'><strong>quid</strong></span> <span class='ocrx_word' id='word_1_270' title='bbox 813 3290 893 3350; x_wconf 82' lang='lat' dir='ltr'><strong>eliud</strong></span> <span class='ocrx_word' id='word_1_271' title='bbox 907 3291 979 3370; x_wconf 73' lang='lat' dir='ltr'><strong>egit,</strong></span> <span class='ocrx_word' id='word_1_272' title='bbox 993 3291 1050 3350; x_wconf 86' lang='lat' dir='ltr'><strong>nisi</strong></span> <span class='ocrx_word' id='word_1_273' title='bbox 1064 3290 1102 3351; x_wconf 87' lang='lat' dir='ltr'><strong>ad</strong></span> <span class='ocrx_word' id='word_1_274' title='bbox 1124 3309 1276 3352; x_wconf 88' lang='lat' dir='ltr'><strong>numerum</strong></span> <span class='ocrx_word' id='word_1_275' title='bbox 1294 3293 1378 3371; x_wconf 83' lang='lat' dir='ltr'><strong>inep·</strong></span> 
     </span>
     <span class='ocr_line' id='line_1_32' title="bbox 284 3381 1378 3468; baseline 0.006 -28"><span class='ocrx_word' id='word_1_276' title='bbox 284 3381 390 3441; x_wconf 89' lang='lat' dir='ltr'><strong>tierum</strong></span> <span class='ocrx_word' id='word_1_277' title='bbox 404 3382 541 3455; x_wconf 84' lang='lat' dir='ltr'><strong>accessit,</strong></span> <span class='ocrx_word' id='word_1_278' title='bbox 554 3403 614 3462; x_wconf 88' lang='lat' dir='ltr'><strong>quo</strong></span> <span class='ocrx_word' id='word_1_279' title='bbox 628 3383 745 3445; x_wconf 83' lang='lat' dir='ltr'><strong>laboret</strong></span> <span class='ocrx_word' id='word_1_280' title='bbox 759 3386 852 3464; x_wconf 85' lang='lat' dir='ltr'><strong>ipsius</strong></span> <span class='ocrx_word' id='word_1_281' title='bbox 873 3387 1015 3461; x_wconf 85' lang='lat' dir='ltr'><strong>Historia,</strong></span> <span class='ocrx_word' id='word_1_282' title='bbox 1029 3385 1307 3467; x_wconf 81' lang='lat' dir='ltr'><strong>cumulatioremque</strong></span> <span class='ocrx_word' id='word_1_283' title='bbox 1320 3388 1378 3468; x_wconf 91' lang='lat' dir='ltr'><strong>ipsi</strong></span> 
     </span>
     <span class='ocr_line' id='line_1_33' title="bbox 282 3475 838 3556; baseline 0.004 -20"><span class='ocrx_word' id='word_1_284' title='bbox 282 3475 422 3536; x_wconf 84' lang='lat' dir='ltr'><strong>insidiam</strong></span> <span class='ocrx_word' id='word_1_285' title='bbox 434 3478 515 3556; x_wconf 89' lang='lat' dir='ltr'><strong>apud</strong></span> <span class='ocrx_word' id='word_1_286' title='bbox 528 3489 663 3555; x_wconf 88' lang='lat' dir='ltr'><strong>posteros</strong></span> <span class='ocrx_word' id='word_1_287' title='bbox 676 3479 838 3541; x_wconf 73' lang='lat' dir='ltr'><strong>conflarit?</strong></span> 
     </span>
    </p>
   </div>
   <div class='ocr_carea' id='block_1_6' title="bbox 691 3671 933 3688">
    <p class='ocr_par' dir='ltr' id='par_1_6' title="bbox 691 3671 933 3688">
     <span class='ocr_line' id='line_1_34' title="bbox 691 3671 933 3688; baseline -0.004 -1"><span class='ocrx_word' id='word_1_288' title='bbox 691 3671 933 3688; x_wconf 51' lang='grc' dir='ltr'><strong>ψ</strong></span> 
     </span>
    </p>
   </div>
   <div class='ocr_carea' id='block_1_7' title="bbox 281 3787 1382 4260">
    <p class='ocr_par' dir='ltr' id='par_1_7' title="bbox 281 3787 1382 4260">
     <span class='ocr_line' id='line_1_35' title="bbox 316 3787 1380 3862; baseline 0 -21"><span class='ocrx_word' id='word_1_289' title='bbox 316 3790 364 3856; x_wconf 59' lang='lat'><strong>&#39;0‘</strong></span> <span class='ocrx_word' id='word_1_290' title='bbox 382 3791 563 3846; x_wconf 79' lang='lat' dir='ltr'><strong>Adsertendns</strong></span> <span class='ocrx_word' id='word_1_291' title='bbox 581 3803 622 3846; x_wconf 86' lang='lat' dir='ltr'><strong>ert</strong></span> <span class='ocrx_word' id='word_1_292' title='bbox 633 3797 741 3860; x_wconf 83' lang='lat' dir='ltr'><strong>Lector,</strong></span> <span class='ocrx_word' id='word_1_293' title='bbox 755 3811 810 3859; x_wconf 85' lang='lat' dir='ltr'><strong>nos,</strong></span> <span class='ocrx_word' id='word_1_294' title='bbox 824 3797 1011 3862; x_wconf 78' lang='lat' dir='ltr'><strong>Porphyrlouls</strong></span> <span class='ocrx_word' id='word_1_295' title='bbox 1025 3796 1158 3848; x_wconf 81' lang='lat' dir='ltr'><strong>admonitu</strong></span> <span class='ocrx_word' id='word_1_296' title='bbox 1174 3791 1310 3848; x_wconf 83' lang='lat' dir='ltr'><strong>adductos.</strong></span> <span class='ocrx_word' id='word_1_297' title='bbox 1327 3787 1380 3836; x_wconf 71' lang='lat' dir='ltr'><strong>duo</strong></span> 
     </span>
     <span class='ocr_line' id='line_1_36' title="bbox 283 3869 1381 3936; baseline 0 -16"><span class='ocrx_word' id='word_1_298' title='bbox 283 3877 383 3933; x_wconf 75' lang='lat' dir='ltr'><strong>praem</strong></span> <span class='ocrx_word' id='word_1_299' title='bbox 391 3872 570 3936; x_wconf 68' lang='lat' dir='ltr'><strong>dignoscendis</strong></span> <span class='ocrx_word' id='word_1_300' title='bbox 587 3876 709 3926; x_wconf 86' lang='lat' dir='ltr'><strong>Personls</strong></span> <span class='ocrx_word' id='word_1_301' title='bbox 729 3877 756 3925; x_wconf 90' lang='lat' dir='ltr'><strong>lu</strong></span> <span class='ocrx_word' id='word_1_302' title='bbox 775 3877 867 3928; x_wconf 80' lang='lat' dir='ltr'><strong>Satiris</strong></span> <span class='ocrx_word' id='word_1_303' title='bbox 877 3892 895 3928; x_wconf 86' lang='lat' dir='ltr'><strong>s</strong></span> <span class='ocrx_word' id='word_1_304' title='bbox 905 3877 1046 3929; x_wconf 85' lang='lat' dir='ltr'><strong>Veterlbus</strong></span> <span class='ocrx_word' id='word_1_305' title='bbox 1057 3877 1185 3936; x_wconf 81' lang='lat' dir='ltr'><strong>adhibite,</strong></span> <span class='ocrx_word' id='word_1_306' title='bbox 1196 3869 1381 3924; x_wconf 70' lang='lat' dir='ltr'><strong>ascensorum</strong></span> 
     </span>
     <span class='ocr_line' id='line_1_37' title="bbox 283 3935 1381 4019; baseline -0.002 -23"><span class='ocrx_word' id='word_1_307' title='bbox 283 3959 346 3998; x_wconf 80' lang='lat' dir='ltr'><strong>vero</strong></span> <span class='ocrx_word' id='word_1_308' title='bbox 359 3952 517 4016; x_wconf 66' lang='lat' dir='ltr'><strong>negligentis</strong></span> <span class='ocrx_word' id='word_1_309' title='bbox 532 3955 657 4006; x_wconf 69' lang='lat' dir='ltr'><strong>homone</strong></span> <span class='ocrx_word' id='word_1_310' title='bbox 670 3957 772 4012; x_wconf 82' lang='lat' dir='ltr'><strong>omissa,</strong></span> <span class='ocrx_word' id='word_1_311' title='bbox 780 3957 883 4007; x_wconf 80' lang='lat' dir='ltr'><strong>tandem</strong></span> <span class='ocrx_word' id='word_1_312' title='bbox 896 3959 922 4007; x_wconf 84' lang='lat' dir='ltr'><strong>in</strong></span> <span class='ocrx_word' id='word_1_313' title='bbox 931 3959 1018 4007; x_wconf 86' lang='lat' dir='ltr'><strong>sedern</strong></span> <span class='ocrx_word' id='word_1_314' title='bbox 1027 3971 1098 4008; x_wconf 83' lang='lat' dir='ltr'><strong>susm</strong></span> <span class='ocrx_word' id='word_1_315' title='bbox 1108 3953 1270 4019; x_wconf 83' lang='lat' dir='ltr'><strong>reposuisse;</strong></span> <span class='ocrx_word' id='word_1_316' title='bbox 1281 3948 1343 4014; x_wconf 83' lang='lat' dir='ltr'><strong>quin</strong></span> <span class='ocrx_word' id='word_1_317' title='bbox 1351 3935 1381 3994; x_wconf 72' lang='lat' dir='ltr'><strong>et</strong></span> 
     </span>
     <span class='ocr_line' id='line_1_38' title="bbox 283 4025 1382 4100; baseline -0.005 -22"><span class='ocrx_word' id='word_1_318' title='bbox 283 4025 437 4090; x_wconf 63' lang='lat' dir='ltr'><strong>Belcarum</strong></span> <span class='ocrx_word' id='word_1_319' title='bbox 448 4033 581 4083; x_wconf 72' lang='lat' dir='ltr'><strong>Iaemmsts</strong></span> <span class='ocrx_word' id='word_1_320' title='bbox 593 4041 643 4084; x_wconf 84' lang='lat' dir='ltr'><strong>tam</strong></span> <span class='ocrx_word' id='word_1_321' title='bbox 655 4035 681 4084; x_wconf 85' lang='lat' dir='ltr'><strong>lu</strong></span> <span class='ocrx_word' id='word_1_322' title='bbox 692 4035 780 4085; x_wconf 77' lang='lat' dir='ltr'><strong>Satiris</strong></span> <span class='ocrx_word' id='word_1_323' title='bbox 791 4050 866 4100; x_wconf 79' lang='lat' dir='ltr'><strong>quaro</strong></span> <span class='ocrx_word' id='word_1_324' title='bbox 874 4037 902 4085; x_wconf 86' lang='lat' dir='ltr'><strong>ln</strong></span> <span class='ocrx_word' id='word_1_325' title='bbox 914 4035 989 4093; x_wconf 79' lang='lat' dir='ltr'><strong>Odia,</strong></span> <span class='ocrx_word' id='word_1_326' title='bbox 998 4050 1048 4100; x_wconf 84' lang='lat' dir='ltr'><strong>quo</strong></span> <span class='ocrx_word' id='word_1_327' title='bbox 1059 4036 1149 4084; x_wconf 85' lang='lat' dir='ltr'><strong>raelius</strong></span> <span class='ocrx_word' id='word_1_328' title='bbox 1160 4033 1282 4082; x_wconf 87' lang='lat' dir='ltr'><strong>instituto</strong></span> <span class='ocrx_word' id='word_1_329' title='bbox 1293 4031 1382 4077; x_wconf 86' lang='lat' dir='ltr'><strong>nostro</strong></span> 
     </span>
     <span class='ocr_line' id='line_1_39' title="bbox 284 4105 1381 4178; baseline 0 -24"><span class='ocrx_word' id='word_1_330' title='bbox 284 4107 461 4166; x_wconf 82' lang='lat' dir='ltr'><strong>convenirent,</strong></span> <span class='ocrx_word' id='word_1_331' title='bbox 478 4124 544 4161; x_wconf 85' lang='lat' dir='ltr'><strong>nora</strong></span> <span class='ocrx_word' id='word_1_332' title='bbox 561 4111 656 4164; x_wconf 82' lang='lat' dir='ltr'><strong>iecisse</strong></span> <span class='ocrx_word' id='word_1_333' title='bbox 673 4116 764 4167; x_wconf 84' lang='lat' dir='ltr'><strong>omnir.</strong></span> <span class='ocrx_word' id='word_1_334' title='bbox 784 4117 861 4168; x_wconf 81' lang='lat' dir='ltr'><strong>Buxt.</strong></span> <span class='ocrx_word' id='word_1_335' title='bbox 894 4115 948 4165; x_wconf 86' lang='lat' dir='ltr'><strong>Pro</strong></span> <span class='ocrx_word' id='word_1_336' title='bbox 965 4116 1016 4165; x_wconf 89' lang='lat' dir='ltr'><strong>illis</strong></span> <span class='ocrx_word' id='word_1_337' title='bbox 1033 4115 1133 4165; x_wconf 87' lang='lat' dir='ltr'><strong>duobus</strong></span> <span class='ocrx_word' id='word_1_338' title='bbox 1150 4111 1252 4178; x_wconf 84' lang='lat' dir='ltr'><strong>punctis</strong></span> <span class='ocrx_word' id='word_1_339' title='bbox 1269 4122 1316 4158; x_wconf 90' lang='lat' dir='ltr'><strong>nos</strong></span> <span class='ocrx_word' id='word_1_340' title='bbox 1331 4105 1381 4156; x_wconf 84' lang='lat' dir='ltr'><strong>laco</strong></span> 
     </span>
     <span class='ocr_line' id='line_1_40' title="bbox 281 4185 1090 4260; baseline 0.011 -25"><span class='ocrx_word' id='word_1_341' title='bbox 281 4185 381 4252; x_wconf 65' lang='lat' dir='ltr'><strong>slpnunr</strong></span> <span class='ocrx_word' id='word_1_342' title='bbox 392 4187 413 4245; x_wconf 68' lang='grc' dir='ltr'>ἵ</span> <span class='ocrx_word' id='word_1_343' title='bbox 425 4191 622 4258; x_wconf 75' lang='lat' dir='ltr'><strong>praeposuimus,</strong></span> <span class='ocrx_word' id='word_1_344' title='bbox 637 4194 738 4260; x_wconf 85' lang='lat' dir='ltr'><strong>quoties</strong></span> <span class='ocrx_word' id='word_1_345' title='bbox 753 4208 864 4260; x_wconf 86' lang='lat' dir='ltr'><strong>persona</strong></span> <span class='ocrx_word' id='word_1_346' title='bbox 875 4201 997 4247; x_wconf 84' lang='lat' dir='ltr'><strong>mutatur.</strong></span> <span class='ocrx_word' id='word_1_347' title='bbox 1016 4195 1090 4244; x_wconf 81' lang='lat' dir='ltr'><strong>Gerr.</strong></span> 
     </span>
    </p>
   </div>
   <div class='ocr_carea' id='block_1_8' title="bbox 0 0 1586 4892">
    <p class='ocr_par' dir='ltr' id='par_1_8' title="bbox 0 0 1586 4892">
     <span class='ocr_line' id='line_1_41' title="bbox 0 0 1586 4892; baseline 0 0"><span class='ocrx_word' id='word_1_348' title='bbox 0 0 1586 4892; x_wconf 95' lang='lat' dir='ltr'><strong> </strong></span> 
     </span>
    </p>
   </div>
  </div>
 </body>
</html>
