3150 4892
640 343 675 400 o.
698 336 856 387 uonnrrr
880 333 1015 387 rnuoor

453 478 521 542 Seri
535 476 648 560 palem
660 478 771 559 captis
785 475 896 557 gravis
906 473 1114 558 (hnuueinsi
1136 474 1201 538 heu
1213 475 1236 555 l)

452 579 598 642 Nescios
609 577 671 641 leri
685 595 810 658 pueros
824 572 965 639 Achivis

451 677 573 742 Ureret
581 677 737 753 llamrnie,
751 676 852 739 etiem
866 676 1025 739 latentem

711 774 833 839 Matris
848 776 883 837 in
897 775 974 839 alvo
988 794 997 853 ;

452 877 501 942 Ni
516 880 583 942 tuis
599 879 706 941 victua
721 875 928 957 Venerisque
944 880 1046 956 gralae

451 975 616 1055 Vocibus,
632 977 757 1041 Dirum
771 983 867 1057 peter
882 975 1059 1040 ¹annuisset

281 1196 326 1245 bea
336 1198 411 1258 neser,
427 1195 489 1246 lert!
505 1174 609 1256 winter
622 1198 747 1243 cremori
756 1192 853 1254 ignibus
867 1166 976 1254 broco,
993 1206 1081 1245 necnon
1091 1197 1173 1242 ventre
1183 1180 1378 1245 meremor-etr-

279 1274 334 1318 κῃ·
349 1262 398 1309 eici
413 1261 519 1310 Deoreer
536 1265 606 1323 poter·
621 1262 671 1308 teir
686 1260 714 1306 oc
736 1257 834 1306 Venerit
844 1256 957 1315 jumndoe
972 1257 1080 1319 precibu
1097 1262 1208 1307 exoratur
1223 1256 1376 1305 corraderet

736 1430 920 1454 mmm

281 1568 367 1629 clune,
377 1572 418 1629 le.
441 1566 530 1615 Beurl.
542 1563 747 1615 Vellei-'Corub
756 1572 782 1614 et
793 1564 938 1613 Ritu-rr
951 1562 1001 1612 Sed
1012 1563 1089 1625 palum
1098 1566 1177 1625 captor
1186 1560 1250 1610 Aer.
1261 1560 1381 1623 Bentleii

280 1630 401 1679 Petrem.
414 1642 460 1691 pro
472 1644 525 1678 rer.
537 1631 599 1679 lect.
616 1630 728 1691 Fraueq·
739 1628 809 1690 Line.
819 1631 844 1676 4.
862 1628 957 1675 Venet.
969 1630 1041 1675 1422.
1060 1626 1169 1675 Loclrer.
1179 1623 1289 1673 Aecene·
1322 1624 1379 1673 tte-

280 1692 394 1741 lerretnr
403 1692 452 1741 boc
462 1693 495 1741 ad
510 1705 595 1755 penu
604 1707 642 1739 rr.
655 1695 694 1740 18.
710 1692 794 1751 uictor,
805 1704 852 1753 pro
862 1690 945 1751 captio,
955 1689 1069 1739 nonnulli
1079 1688 1168 1739 lumb.
1179 1702 1245 1737 nuur
1253 1688 1379 1737 Torrent.

281 1756 396 1804 Bentleii
406 1756 522 1817 Magdal.
533 1763 562 1805 et
573 1755 649 1805 Bodl.
660 1758 716 1804 1.2.
727 1753 912 1804 ‘Meritorium
922 1755 1050 1817 glorietur
1059 1752 1091 1801 ed
1104 1752 1285 1815 explicentlour
1297 1750 1380 1813 ceptio

278 1818 449 1879 grecin’Jcni.
463 1819 575 1868 Bentleii
583 1819 698 1867 Geliene.
706 1824 801 1880 raptor:
816 1821 926 1879 ‘aperto
937 1831 1025 1866 errore
1036 1831 1051 1864 e
1061 1816 1172 1865 lectione
1182 1820 1269 1876 ceptor.
1281 1814 1382 1887 legino

280 1882 337 1930 bello
349 1883 476 1931 Acronem
488 1889 516 1932 et
526 1883 624 1931 Conrnr.
635 1883 680 1932 Cr.
692 1882 834 1945 colligebat
845 1882 924 1931 Witb.
942 1894 974 1929 ex
991 1892 1079 1929 eorum
1092 1888 1169 1928 note:
1186 1882 1193 1908 ⁶
1207 1886 1298 1941 aperto
1308 1891 1382 1929 rem·

280 1959 328 2007 per
340 1945 407 1995 bello
419 1946 533 1997 Achillea
544 1944 643 2007 gravis?
675 1945 726 1993 Sed
738 1946 796 2008 quie
807 1944 855 1992 lroc
867 1946 903 1993 illl
915 1944 978 1993 rlet?
996 1958 1066 2005 conoe
1076 1943 1147 2005 conj.
1159 1942 1227 1991 idern
1240 1941 1319 1991 Witlr.
1329 1941 1383 2005 qui

280 2015 308 2057 et
326 2011 481 2071 auspicetur,
497 2008 546 2058 Seri
562 2010 641 2071 pulorn
657 2008 733 2070 capri·
752 2008 900 2072 Phrygibus,
919 2008 994 2067 udor,
1013 2008 1065 2055 beer.
1087 2007 1218 2068 ·Conject.
1231 2019 1272 2067 ap·
1283 2004 1383 2057 Jonee.

279 2074 371 2134 coeptie.
397 2071 533 2123 Quomodo
550 2079 604 2122 tem
623 2072 730 2121 bonnet
743 2074 867 2133 preclara
880 2072 967 2130 lectio,
978 2072 1062 2133 ouptir,
1073 2070 1193 2119 Bentleio
1204 2069 1312 2132 aliieqne
1323 2068 1384 2117 die·

279 2136 378 2195 nlicere
398 2135 521 2198 potuerit,
538 2134 651 2185 nondum
672 2134 810 2198 ureqmrl
827 2135 965 2183 loni-19
980 2136 1174 2183 commentator
1190 2134 1268 2197 Cruq.
1283 2145 1386 2181 ornnes

280 2197 356 2247 Torr.
371 2206 468 2260 preater
483 2214 571 2254 uuum,
588 2198 723 2247 Pulmenni
743 2198 832 2247 llrruu.
848 2206 876 2247 et
891 2196 1024 2246 Gemblac.
1036 2201 1059 2245 1.
1071 2202 1095 2246 2.
1107 2198 1157 2245 duo
1178 2198 1275 2245 licrern.
1294 2196 1385 2246 Bent.

279 2261 324 2310 leii
354 2262 441 2312 Grec.
461 2264 536 2311 laid.
556 2262 655 2313 Zulicb.
674 2264 796 2311 Pctrcne.
816 2261 931 2324 Megdal.
951 2260 1010 2309 Gal.
1029 2268 1058 2309 et
1071 2260 1176 2324 Vigoru.
1198 2258 1277 2308 Brod.
1299 2258 1385 2309 Gott.

278 2326 389 2376 Menlel.
407 2328 479 2389 Lipe.
491 2331 515 2374 l.
525 2330 551 2375 2.
567 2328 645 2376 Deer.
656 2330 681 2375 2.
699 2326 812 2375 Helmet.
828 2324 901 2373 Harl.
914 2330 936 2372 1.
947 2328 972 2373 2.
983 2328 1007 2372 8.
1019 2327 1043 2371 t.
1054 2330 1077 2372 5.
1090 2328 1114 2375 c.
1132 2324 1237 2372 Venelt.
1256 2322 1388 2375 Torrent.

280 2390 358 2439 nur.
377 2392 464 2441 Bentl.
484 2390 574 2439 Burni.
586 2390 670 2440 Conin
689 2424 696 2437 .
716 2387 806 2439 Jouce.
825 2388 894 2447 Jani,
914 2385 1387 2450 Bipont·Mitrcb.Wetrel.Walrcf.

278 2453 369 2503 Cornb.
381 2461 409 2503 et
420 2453 499 2503 Kidd.
515 2454 642 2511 lotentenr
684 2454 869 2515 ulggJutenter.
904 2451 1043 2500 Lambinus
1053 2450 1156 2515 quidem
1165 2458 1193 2499 et
1201 2451 1279 2513 Cruq.
1289 2450 1327 2497 uil
1335 2464 1388 2498 re·

277 2513 394 2566 lecerunt
403 2518 436 2566 de
445 2518 497 2565 euie
508 2517 584 2566 codd.
605 2517 613 2543 ‘
624 2516 676 2566 Sed
690 2524 786 2579 preter
798 2512 979 2564 ructoritatcnr
992 2513 1124 2570 librorum,
1134 2515 1209 2576 longe
1220 2529 1252 2563 ex
1272 2512 1386 2563 uieitine

277 2589 318 2628 eet
329 2582 440 2631 torentem
450 2594 524 2640 quern
533 2582 634 2629 utentes
644 2580 724 2627 etiem
732 2578 765 2627 ob
775 2579 860 2626 locunt
872 2578 949 2627 llom.
968 2578 998 2629 ll.
1010 2584 1036 2625 z.
1046 2577 1147 2627 eron!
1163 2578 1230 2627 Jaai.
1303 2577 1385 2627 cher.

277 2643 428 2700 letitoaternr
445 2644 535 2693 Zerot.
546 2641 803 2700 lateate;-Pulmanui
815 2642 951 2691 Gemblae.
962 2646 985 2691 1.
1004 2656 1067 2690 nnue
1076 2642 1277 2691 Torreutli.-2l
1295 2641 1304 2667 ⁴
1317 2640 1382 2690 Pro

277 2705 364 2767 meter,
374 2706 457 2768 flexio
467 2707 521 2753 enti
541 2707 599 2754 nire.
609 2704 702 2753 Blend.
715 2705 831 2769 cruquii,
844 2704 910 2754 nude
923 2706 1023 2767 recepit
1034 2706 1120 2755 Bentl.
1134 2706 1201 2769 qula,
1212 2706 1255 2769 qui
1266 2714 1384 2763 annuet,

279 2782 311 2817 eo
321 2769 379 2832 ipro
389 2768 511 2818 flectetur
522 2721 610 2833 ⁸iliud
629 2768 708 2818 dubie
726 2768 759 2817 ob
777 2770 928 2821 inclinatam
946 2766 1103 2832 cervicem);
1119 2784 1169 2833 qno
1182 2768 1223 2817 vix
1235 2768 1383 2832 quicquum

277 2832 396 2881 miserint
408 2831 460 2881 dici
473 2840 585 2893 poteret.
610 2831 752 2881 Arridebat
764 2832 842 2881 etiem
855 2832 977 2899 cruquio,
988 2834 1046 2897 qnia
1057 2841 1126 2883 creet
1137 2832 1240 2881 verbnm
1253 2830 1382 2881 blandius

277 2896 984 3023 bilibitittitlitit‘rtiiil:{tottii
1010 2895 1380 3022 ,³3:¹¹:titiiitittil

511 2995 520 3017 2
984 2993 993 3023 5
1374 2994 1383 3009 ⁸

767 3105 875 3155 NOTAE

275 3237 415 3295 nuptaeque
432 3232 527 3295 puelle
539 3232 618 3281 Socra
628 3230 742 3294 canunt,’
751 3234 801 3283 &ca
842 3232 964 3296 precipit
972 3232 1093 3281 Menelao
1103 3246 1135 3281 ne
1145 3238 1237 3295 parcet
1249 3229 1378 3293 cuiquam

275 3307 344 3357 ibid.
366 3322 404 3355 ve.
426 3310 483 3356 248.
499 3306 571 3356 ‘Noe
592 3306 699 3356 delubro
718 3306 802 3355 Denrn
841 3308 1023 3371 Troianorum,
1040 3320 1123 3372 neque
1147 3308 1211 3371 ipele
1227 3303 1378 3357 luleutibue

274 3382 372 3443 nrieeri,
380 3381 473 3444 quinne
485 3380 589 3431 nitimur
600 3388 669 3431 erret
676 3382 726 3431 Ille
737 3383 803 3444 dier,
840 3389 959 3433 meterno
971 3390 1046 3432 utero
1056 3382 1169 3432 inclurie.

273 3455 342 3506 ferte
353 3457 468 3506 velemur
478 3455 571 3518 fronde
579 3472 625 3520 per
636 3457 746 3506 urbem!
873 3464 903 3509 21
923 3460 960 3508 Ni
981 3460 1030 3509 teir
1049 3460 1136 3521 uictor,
1157 3458 1210 3521 ξω]
1226 3457 1321 3521 Apollo
1341 3466 1375 3509 et

307 3536 339 3583 ll
354 3532 405 3581 Sed
419 3531 498 3594 palona
515 3532 664 3596 ceptione]
678 3532 722 3581 Sic
733 3531 801 3581 belle
839 3532 928 3581 Venor
936 3533 1053 3597 'l'rojanie
1063 3532 1181 3582 furenter
1193 3534 1261 3597 apud
1275 3533 1375 3584 Joreur

272 3606 396 3670 exprimit
414 3607 537 3656 Horatius
554 3607 665 3657 indolem
684 3605 803 3667 Aclrillie,
839 3607 1030 3669 euppliceruut,
1052 3614 1089 3664 nt,
1113 3608 1232 3672 quoniam
1258 3608 1284 3657 iu
1306 3606 1375 3657 falle

273 3690 304 3732 nt
315 3690 343 3730 ct
355 3683 440 3745 Epiri.
451 3683 483 3731 ad
495 3682 617 3741 Pirouee,
628 3696 665 3730 vr.
676 3685 732 3730 122.
754 3680 799 3729 ‘st
838 3687 896 3730 crat
906 3682 1009 3744 'l'rojem
1029 3682 1155 3739 exscindi,
1167 3683 1255 3732 raltrrn
1268 3695 1375 3744 perent-

271 3753 341 3805 lorte
351 3756 453 3818 reponio
465 3753 592 3804 Achillem
601 3771 609 3814 i
618 3754 799 3816 impiger,ire·
839 3764 868 3805 to
887 3756 1039 3806 inexorabili
1051 3756 1163 3819 Achille,
1180 3758 1271 3806 liceret
1282 3756 1372 3807 AEneoe

273 3829 381 3883 condus.
398 3829 573 3892 inexorabilie,
589 3842 658 3885 acer,
672 3828 738 3880 Jure
754 3843 799 3878 ne·
839 3845 870 3881 ac
882 3832 957 3881 rociie
965 3832 1062 3895 aliquot
1073 3832 1246 3881 eGraecorunr
1256 3832 1372 3881 eredere

274 3907 322 3963 get
340 3904 388 3951 eibi
407 3911 479 3966 neta,
495 3902 557 3951 nibil
572 3915 623 3952 nou
640 3910 743 3965 erroget
758 3918 797 3952 er·
838 3906 965 3967 nreuibue,
986 3913 1063 3971 etque
1085 3920 1176 3955 norem
1200 3914 1302 3969 gentem
1326 3922 1371 3955 ur-

273 3976 340 4026 mie'
839 3981 947 4045 bernqne
964 3979 1075 4030 feliciori
1093 3983 1199 4043 eugrrrio
1216 3969 1327 4031 condere
1340 3982 1371 4032 iu

297 4054 340 4099 .19
355 4050 440 4098 Etioee
457 4052 567 4100 blaten
577 4052 669 4101 Matris
689 4051 716 4101 in
735 4053 799 4117 oleo]
838 4055 924 4106 ltelirr.
957 4054 1025 4104 Vide
1043 4055 1147 4107 AEueid.·
1161 4071 1181 4106 1.
1201 4058 1259 4105 223.
1272 4061 1299 4109 et
1310 4070 1370 4121 ecq.

273 4124 359 4191 Apud·
379 4124 488 4176 llomer.
512 4126 587 4177 Iiierl.
620 4124 798 4190 Agamemnon
839 4145 876 4183 rr.
888 4134 984 4183 noum
996 4144 1048 4195 req.
