3150 4892
267 375 334 442 788
634 394 670 451 o.
692 389 853 438 nonsun
878 390 1009 440 rusour

268 536 337 616 Qui
352 538 495 602 moeohio
508 555 574 601 non
587 536 704 614 voltis,
719 539 759 600 nt
771 536 861 598 omni
876 541 970 618 porte
980 535 1154 614 laborent3

267 637 384 722 thue
399 640 466 702 illis
481 639 588 704 multo
603 643 764 720 corrupto
779 637 897 701 doloro
909 637 1082 720 voluptas,

266 739 383 823 Atque
398 738 983 819 haecrorooudotdnroiotorsoope
995 737 1135 820 pericle.
1327 735 1371 804 io

267 840 339 905 Hic
354 860 392 905 so
407 841 617 923 praecipitem
632 848 725 904 teoto
738 839 852 903 dedit:
875 839 932 903 ille
943 839 1090 920 flagellis

266 939 322 1006 Ad
333 946 471 1005 mortem
487 959 616 1019 coosus3
638 940 769 1021 fugiens
784 939 839 1002 hio
854 937 979 1002 decidit
992 957 1101 1003 norom
1199 975 1202 986 =

266 1165 307 1200 sss
316 1154 484 1218 qsiexoptotr's
493 1155 645 1215 mfolieess
653 1169 704 1206 esse
713 1155 830 1205 duero
845 1155 946 1230 costen,
961 1167 1007 1230 sos
1022 1153 1137 1230 peresos
1151 1155 1283 1229 strodere,
1292 1153 1371 1215 pules

266 1220 470 1296 msosferost
481 1235 648 1297 merosum,
657 1226 681 1268 et
691 1221 753 1283 quod
763 1221 871 1296 poleptos
881 1233 917 1296 ess
927 1224 1018 1296 nestor
1027 1220 1135 1292 pecorosus
1144 1217 1307 1294 pmeuulss
1315 1229 1371 1278 prr·

267 1281 855 1411 utt‘rtttttutttt‘tiztltttl
862 1282 1194 1410 limittit
1202 1279 1371 1394 iim

729 1487 912 1509 ”nemun

267 1617 309 1661 sp.
322 1602 404 1652 Zeno.
415 1611 442 1651 et
453 1603 641 1652 Oineon—⁸8
658 1602 798 1652 Psrodisnr
815 1601 880 1652 iisne
897 1615 954 1651 sose
972 1615 1005 1650 err
1023 1600 1139 1650 versibus
1157 1600 1228 1650 hisce
1245 1598 1371 1648 Enoisois

268 1673 375 1716 monent
386 1667 555 1716 Schoiisrte:
572 1667 692 1717 ‘nostre
709 1676 749 1716 est
764 1681 851 1729 operss
869 1665 992 1729 pretium,
1020 1665 1146 1714 roeedere
1157 1671 1230 1713 reete
1245 1663 1296 1712 iloi
1316 1677 1370 1714 sens

268 1729 420 1792 Romnum,
443 1733 596 1794 Lstiumque
613 1744 754 1792 sogeseers
772 1729 867 1780 voltis!
906 1729 982 1779 Unde
1000 1679 1079 1778 focile
1096 1737 1154 1777 eret
1172 1729 1299 1787 divisore,
1319 1741 1370 1789 quo

269 1794 375 1855 propior
391 1803 461 1844 esset
471 1803 507 1844 ἐι
523 1794 666 1858 perfectior
675 1794 786 1844 iroltstio
808 1794 846 1843 sie
858 1794 945 1857 potius
954 1794 1089 1856 scripsisse
1099 1794 1233 1852 Nostrum,
1246 1793 1372 1854 procedere

266 1863 332 1905 recte
343 1856 647 1913 Qsimoeeiossosssitis.
679 1857 768 1923 Atque
786 1831 824 1908 its
843 1863 935 1920 postes
952 1857 1037 1920 reperi
1054 1858 1080 1906 io
1098 1856 1188 1906 codiee
1201 1855 1331 1912 leidensi,
1343 1861 1372 1904 et

268 1921 295 1968 io
308 1921 447 1983 Excerptis
460 1923 615 1976 llodieisuis.
627 1930 654 1971 et
665 1921 774 1983 Collegii
785 1921 920 1971 Trinitatis
929 1921 1020 1971 codice
1031 1935 1079 1982 pro
1091 1921 1162 1970 reris
1173 1921 1296 1980 lectione,
1307 1929 1333 1968 et
1344 1919 1370 1967 iu

269 1984 407 2045 Regioeosi
424 1999 438 2032 s
456 1999 533 2034 rnsun
545 1985 666 2035 seconde.
701 1987 795 2048 Neque
812 1986 886 2034 siirer
904 1985 996 2046 legisse
1013 1983 1153 2042 doronem,
1170 1999 1204 2033 es
1221 1983 1279 2046 ejus
1296 1996 1371 2045 prro-

268 2047 367 2110 pinosi,
378 2049 541 2111 qusutornris
552 2049 644 2111 luepts
663 2057 691 2100 et
710 2049 831 2107 obsurds,
850 2049 915 2098 lieet
934 2049 1148 2098 snimsdrertere.
1180 2047 1306 2110 ‘Operm
1323 2046 1371 2108 sit,

289 2111 381 2160 retium
394 2118 433 2159 est
451 2111 541 2161 audire
557 2113 679 2175 moeohos,
691 2113 734 2176 qni
748 2127 799 2162 uon
811 2111 890 2160 vultis
902 2111 1044 2176 procedere
1061 2119 1133 2161 recte
1145 2109 1178 2161 sd
1190 2109 1373 2160 meretricem!

269 2125 443 2288 ione
456 2176 772 2304 :tertullinus
783 2175 1055 2289 ‘linuntur
1066 2175 1372 2288 ursum

269 2305 311 2351 22.
329 2274 420 2365 ‘Siren
441 2304 590 2366 processisti
607 2304 683 2354 lsodie
703 2304 836 2370 pulclrrez’
854 2303 921 2364 qnod
943 2255 1052 2366 perinde
1071 2311 1120 2360 est,
1138 2313 1168 2352 tc
1185 2303 1310 2364 ‘pulchre
1323 2302 1369 2354 tilsi

270 2365 347 2415 hodie
359 2366 519 2430 processit.''
536 2369 619 2419 Bestl.
651 2370 751 2418 ssoeeios
761 2369 840 2417 etium
851 2367 961 2418 Arcens.
973 2367 1084 2430 Coning.
1100 2367 1215 2428 Francis,
1234 2363 1371 2428 Heindorf,

769 2520 877 2571 NO'I'AE

303 2619 336 2665 89
349 2617 467 2678 Corrupto
476 2618 555 2666 dolore
562 2617 681 2680 solsptos]
689 2616 731 2666 Ad
739 2615 801 2678 Epi·
843 2613 963 2665 Attienus
974 2614 1120 2675 uVibieno,
1135 2613 1198 2662 itern
1210 2613 1249 2663 Μ.
1261 2613 1371 2664 Pontius

270 2689 327 2740 curi
338 2699 449 2740 rnentenr
461 2689 589 2740 sdulteris
600 2691 738 2755 proscribit
750 2704 802 2739 oou
842 2705 858 2738 s
877 2689 946 2740 Pub.
965 2691 1059 2740 cornio
1082 2687 1237 2753 deprehensi
1264 2691 1371 2740 osstrsti

269 2766 343 2814 reiut
361 2767 458 2828 turpis,
475 2765 521 2814 sed
539 2767 613 2830 qussi
629 2779 745 2814 remorso
756 2779 801 2814 ro·
841 2765 920 2827 sunt,'
934 2767 983 2814 ire.

270 2841 390 2903 luptatis,
412 2840 511 2889 seilicet
537 2840 660 2902 periculis
678 2848 706 2889 et
726 2841 801 2889 molis
873 2839 905 2889 Se
923 2841 1071 2904 precipitem
1090 2842 1150 2888 lesio
1166 2839 1243 2903 dedii]
1258 2839 1372 2904 Fugiens

270 2916 454 2977 circumsepto.
497 2915 633 2964 Preclsro
657 2915 749 2966 cicero
775 2916 802 2965 iu
841 2915 967 2965 vindicem
978 2915 1105 2964 rnsritunr.

270 2988 369 3038 Anton.
385 2988 557 3046 ‘Libidinosi
573 2989 653 3050 sveri,
665 2988 805 3041 iecinorosi
872 2992 919 3041 lile
930 2991 1040 3056 Mollis
1048 2990 1088 3040 Ad
1098 2995 1195 3039 mess
1205 2991 1292 3056 mess]
1309 2990 1371 3040 091-

270 3077 341 3112 serso
353 3063 735 3124 leudisgosturuooulrslrsot!
765 3067 803 3117 At
839 3067 889 3116 llus
899 3079 969 3116 xvir.
983 3071 1022 3116 18.
1032 3066 1204 3116 esVsrroues
1220 3065 1370 3115 ‘Meliu-

266 3135 408 3188 'debuisset
419 3138 541 3188 domuere
552 3141 643 3189 ssiteur
660 3140 802 3204 minione,
841 3142 893 3191 tius
910 3143 1023 3205 scriptor
1045 3142 1118 3191 serie
1139 3142 1207 3190 illins
1226 3149 1254 3191 et
1271 3156 1370 3192 serere

270 3218 298 3262 et
320 3213 409 3261 lumini
432 3215 544 3266 ustursli
566 3214 693 3264 sdserss:
715 3217 801 3280 ‘quod
841 3217 974 3277 oretionis,
994 3217 1019 3264 io
1037 3217 1109 3280 enjus
1128 3217 1235 3267 historie
1253 3217 1371 3268 notiones

270 3287 319 3336 tilsi
331 3289 397 3337 nolis
409 3287 475 3351 lieri,
488 3289 562 3348 elteri
577 3287 732 3340 refeceris!
842 3291 978 3341 Censoriss
996 3291 1054 3340 lieri
1069 3299 1147 3357 atque
1163 3292 1281 3342 exerceri
1300 3291 1371 3342 ride·

303 3363 447 3414 tillires
468 3366 701 3430 precipitante]
730 3365 801 3417 Quo·
841 3379 907 3426 nius,
928 3366 954 3414 io
977 3365 1315 3430 sdulteriosdeprelrenson
1336 3368 1370 3416 sb

271 3439 349 3501 nisus,
368 3446 396 3488 ut
414 3453 473 3488 nsox
485 3454 499 3488 e
512 3441 640 3490 Cicerone
652 3441 716 3504 dixi,
726 3442 801 3490 luxu·
842 3439 926 3489 Annio
939 3440 1037 3490 Milone
1056 3439 1116 3490 loris
1132 3440 1199 3490 bene
1215 3454 1299 3490 cresus
1311 3449 1368 3491 est:

270 3513 333 3563 riori
348 3527 400 3563 non
417 3515 548 3564 docuntur
559 3530 646 3565 amore
664 3517 740 3577 recti,
751 3518 800 3565 ssi·
842 3521 869 3564 et
881 3529 938 3564 cum
950 3515 1068 3564 dedisset
1083 3515 1217 3578 peeuoisos
1232 3515 1370 3565 dimissori

270 3594 324 3638 tens
337 3604 470 3652 mustum
481 3593 801 3656 roetnnouuooqusmde-
841 3588 914 3638 idern
935 3588 1017 3638 refert
1039 3591 1173 3639 Asconius.
1206 3589 1326 3640 lurensi.
1339 3603 1368 3640 x.

271 3669 412 3714 terrentur.
444 3663 503 3713 Vel.
521 3665 594 3714 diss.
612 3679 650 3715 vr.
669 3670 691 3714 l.
713 3680 738 3715 n.
760 3669 800 3716 1⁸.
840 3670 897 3719 ⁸11.
916 3666 1369 3732 'fietsdulteri’nblicus‚etpoenes

271 3737 338 3786 ‘Sed
358 3746 387 3787 ut
407 3739 471 3801 eos‚'
491 3741 583 3804 lnquit,
600 3741 725 3791 ‘strictim
742 3755 800 3805 per-
840 3747 942 3793 metuet
957 3757 1130 3806 quoscumque
1151 3743 1257 3792 rosritos
1279 3743 1370 3806 Exigit

271 3827 382 3876 currem,
393 3815 436 3879 qui
456 3816 482 3864 in
501 3815 655 3866 sindicsnds
674 3816 799 3879 pudicitie
841 3821 939 3869 iratus:
956 3821 1253 3871 neceriti’elielorsstro
1263 3821 1367 3883 Mortis,

271 3885 359 3937 dolore
370 3905 417 3939 suo
428 3905 474 3952 pro
486 3890 591 3952 publice
602 3890 659 3952 iege
670 3891 709 3938 usi
720 3898 797 3940 suut:
840 3905 870 3946 ut
886 3895 913 3944 io
932 3897 1037 3958 loqueos
1056 3911 1184 3962 nonqnsnr
1199 3895 1297 3946 incidet
1309 3930 1316 3944 .
1326 3929 1333 3945 .
1343 3929 1368 3944 ..

271 3966 406 4029 Sempron.
423 3969 515 4018 Minoo
533 3970 564 4019 C.
576 3969 690 4020 Gsllium
706 3969 798 4033 depre·
839 3977 917 4020 necet
935 3970 977 4018 hic
994 3969 1079 4022 ferro:
1096 3981 1170 4021 secut
1187 3972 1233 4020 lile
1251 3971 1366 4020 eruentis

270 4039 797 4106 ireosuurinodolrerioilogeiliscecidit:
839 4046 1014 4096 Verberibus:
1049 4046 1171 4112 quosdsm
1200 4045 1312 4097 nroeciros
1338 4053 1368 4095 et

271 4117 301 4165 C.
313 4115 451 4164 Memmius
469 4115 500 4165 L.
518 4117 658 4167 Octavium
679 4119 799 4170 similiter
839 4121 940 4184 mugilis
952 4122 1050 4174 iutrut.¹

270 4191 458 4255 depreirensuru
469 4194 555 4242 nervis
563 4195 697 4245 contudit:
713 4195 798 4246 culo
