<?xml version="1.0" encoding="UTF-8"?>
<!DOCTYPE html PUBLIC "-//W3C//DTD XHTML 1.0 Transitional//EN"
    "http://www.w3.org/TR/xhtml1/DTD/xhtml1-transitional.dtd">
<html xmlns="http://www.w3.org/1999/xhtml" xml:lang="en" lang="en">
 <head>
  <title>
</title>
<meta http-equiv="Content-Type" content="text/html;charset=utf-8" />
  <meta name='ocr-system' content='tesseract 3.04.00' />
  <meta name='ocr-capabilities' content='ocr_page ocr_carea ocr_par ocr_line ocrx_word'/>
</head>
<body>
  <div class='ocr_page' id='page_1' title='image "./quintihoratiifl05zeungoog_0304.png"; bbox 0 0 3150 4892; ppageno 0'>
   <div class='ocr_carea' id='block_1_1' title="bbox 287 389 1035 454">
    <p class='ocr_par' dir='ltr' id='par_1_1' title="bbox 287 389 1035 454">
     <span class='ocr_line' id='line_1_1' title="bbox 287 389 1035 454; baseline -0.011 0"><span class='ocrx_word' id='word_1_1' title='bbox 287 389 354 454; x_wconf 76' lang='grc'>768</span> <span class='ocrx_word' id='word_1_2' title='bbox 635 397 804 449; x_wconf 82' lang='lat' dir='ltr'>·usonarr</span> <span class='ocrx_word' id='word_1_3' title='bbox 830 399 1035 448; x_wconf 68' lang='lat' dir='ltr'>rnurnrro&#39;</span> 
     </span>
    </p>
   </div>
   <div class='ocr_carea' id='block_1_2' title="bbox 290 536 1449 2424">
    <p class='ocr_par' dir='ltr' id='par_1_2' title="bbox 290 536 1386 714">
     <span class='ocr_line' id='line_1_2' title="bbox 290 536 1386 622; baseline -0.002 -18"><span class='ocrx_word' id='word_1_4' title='bbox 290 547 322 604; x_wconf 88' lang='lat' dir='ltr'>in</span> <span class='ocrx_word' id='word_1_5' title='bbox 335 544 398 602; x_wconf 85' lang='lat' dir='ltr'>suis</span> <span class='ocrx_word' id='word_1_6' title='bbox 411 543 518 603; x_wconf 81' lang='lat' dir='ltr'>Forsss</span> <span class='ocrx_word' id='word_1_7' title='bbox 528 539 677 617; x_wconf 75' lang='lat' dir='ltr'>hodieque</span> <span class='ocrx_word' id='word_1_8' title='bbox 689 539 827 612; x_wconf 61' lang='lat' dir='ltr'>daemon)</span> <span class='ocrx_word' id='word_1_9' title='bbox 841 536 998 597; x_wconf 81' lang='lat' dir='ltr'>Attollanis</span> <span class='ocrx_word' id='word_1_10' title='bbox 1023 545 1103 598; x_wconf 88' lang='lat' dir='ltr'>certe</span> <span class='ocrx_word' id='word_1_11' title='bbox 1122 546 1236 600; x_wconf 89' lang='lat' dir='ltr'>mutato</span> <span class='ocrx_word' id='word_1_12' title='bbox 1249 549 1312 601; x_wconf 88' lang='lat' dir='ltr'>tum</span> <span class='ocrx_word' id='word_1_13' title='bbox 1326 543 1386 622; x_wconf 90' lang='lat' dir='ltr'>pri·</span> 
     </span>
     <span class='ocr_line' id='line_1_3' title="bbox 290 633 1385 714; baseline -0.002 -15"><span class='ocrx_word' id='word_1_14' title='bbox 290 659 372 699; x_wconf 87' lang='lat' dir='ltr'>mum</span> <span class='ocrx_word' id='word_1_15' title='bbox 395 635 591 696; x_wconf 84' lang='lat' dir='ltr'>‘Satirarum&#39;</span> <span class='ocrx_word' id='word_1_16' title='bbox 606 635 725 694; x_wconf 83' lang='lat' dir='ltr'>nomiae</span> <span class='ocrx_word' id='word_1_17' title='bbox 737 635 769 692; x_wconf 90' lang='lat' dir='ltr'>in</span> <span class='ocrx_word' id='word_1_18' title='bbox 789 635 801 668; x_wconf 87' lang='lat'>&#39;‘</span> <span class='ocrx_word' id='word_1_19' title='bbox 813 633 948 706; x_wconf 73' lang='lat' dir='ltr'>Erotis:</span> <span class='ocrx_word' id='word_1_20' title='bbox 961 633 1042 711; x_wconf 88' lang='lat' dir='ltr'>quod</span> <span class='ocrx_word' id='word_1_21' title='bbox 1058 635 1088 692; x_wconf 91' lang='lat' dir='ltr'>in</span> <span class='ocrx_word' id='word_1_22' title='bbox 1101 637 1385 714; x_wconf 78' lang='lat' dir='ltr'>posterum-mansit.</span> 
     </span>
    </p>

    <p class='ocr_par' dir='ltr' id='par_1_3' title="bbox 291 727 1386 1096">
     <span class='ocr_line' id='line_1_4' title="bbox 320 727 1383 811; baseline -0.001 -18"><span class='ocrx_word' id='word_1_23' title='bbox 320 735 430 811; x_wconf 73' lang='lat' dir='ltr'>‘Atque</span> <span class='ocrx_word' id='word_1_24' title='bbox 451 731 517 790; x_wconf 80' lang='lat' dir='ltr'>lurae</span> <span class='ocrx_word' id='word_1_25' title='bbox 538 729 595 789; x_wconf 84' lang='lat' dir='ltr'>luit</span> <span class='ocrx_word' id='word_1_26' title='bbox 616 729 710 810; x_wconf 84' lang='lat' dir='ltr'>prima</span> <span class='ocrx_word' id='word_1_27' title='bbox 731 741 763 788; x_wconf 85' lang='lat' dir='ltr'>at</span> <span class='ocrx_word' id='word_1_28' title='bbox 783 727 989 807; x_wconf 86' lang='lat' dir='ltr'>antiquissima</span> <span class='ocrx_word' id='word_1_29' title='bbox 1002 729 1146 788; x_wconf 77' lang='lat' dir='ltr'>Romnum</span> <span class='ocrx_word' id='word_1_30' title='bbox 1160 729 1266 790; x_wconf 69' lang='lat' dir='ltr'>&amp;tire</span> <span class='ocrx_word' id='word_1_31' title='bbox 1280 731 1383 794; x_wconf 79' lang='lat' dir='ltr'>forma.</span> 
     </span>
     <span class='ocr_line' id='line_1_5' title="bbox 293 823 1385 905; baseline -0.002 -18"><span class='ocrx_word' id='word_1_32' title='bbox 293 830 387 887; x_wconf 81' lang='lat' dir='ltr'>Erant</span> <span class='ocrx_word' id='word_1_33' title='bbox 397 825 518 905; x_wconf 87' lang='lat' dir='ltr'>quldem</span> <span class='ocrx_word' id='word_1_34' title='bbox 530 825 600 884; x_wconf 81' lang='lat' dir='ltr'>duas</span> <span class='ocrx_word' id='word_1_35' title='bbox 613 823 690 896; x_wconf 79' lang='lat' dir='ltr'>alioe,</span> <span class='ocrx_word' id='word_1_36' title='bbox 702 841 872 903; x_wconf 86' lang='lat' dir='ltr'>quanquam</span> <span class='ocrx_word' id='word_1_37' title='bbox 887 843 906 884; x_wconf 93' lang='lat' dir='ltr'>a</span> <span class='ocrx_word' id='word_1_38' title='bbox 919 824 1014 902; x_wconf 88' lang='lat' dir='ltr'>prima</span> <span class='ocrx_word' id='word_1_39' title='bbox 1027 823 1152 884; x_wconf 85' lang='lat' dir='ltr'>multum</span> <span class='ocrx_word' id='word_1_40' title='bbox 1165 823 1385 905; x_wconf 85' lang='lat' dir='ltr'>discrepabant,</span> 
     </span>
     <span class='ocr_line' id='line_1_6' title="bbox 292 918 1386 1004; baseline -0.002 -21"><span class='ocrx_word' id='word_1_41' title='bbox 292 925 320 983; x_wconf 90' lang='lat' dir='ltr'>ei</span> <span class='ocrx_word' id='word_1_42' title='bbox 342 935 441 983; x_wconf 88' lang='lat' dir='ltr'>tamen</span> <span class='ocrx_word' id='word_1_43' title='bbox 467 921 553 1000; x_wconf 90' lang='lat' dir='ltr'>quasi</span> <span class='ocrx_word' id='word_1_44' title='bbox 576 933 672 981; x_wconf 76' lang='lat' dir='ltr'>enatae</span> <span class='ocrx_word' id='word_1_45' title='bbox 696 918 872 1004; x_wconf 75' lang='lat' dir='ltr'>suffragines</span> <span class='ocrx_word' id='word_1_46' title='bbox 891 928 986 978; x_wconf 86' lang='lat' dir='ltr'>ortum</span> <span class='ocrx_word' id='word_1_47' title='bbox 1002 938 1087 978; x_wconf 89' lang='lat' dir='ltr'>suum</span> <span class='ocrx_word' id='word_1_48' title='bbox 1101 918 1283 987; x_wconf 71' lang='lat' dir='ltr'>referebant:</span> <span class='ocrx_word' id='word_1_49' title='bbox 1304 921 1386 999; x_wconf 84' lang='lat' dir='ltr'>quud</span> 
     </span>
     <span class='ocr_line' id='line_1_7' title="bbox 291 1013 1083 1096; baseline -0.006 -19"><span class='ocrx_word' id='word_1_50' title='bbox 291 1036 382 1096; x_wconf 82' lang='lat' dir='ltr'>quam</span> <span class='ocrx_word' id='word_1_51' title='bbox 394 1015 565 1077; x_wconf 84' lang='lat' dir='ltr'>brevissime</span> <span class='ocrx_word' id='word_1_52' title='bbox 578 1023 691 1095; x_wconf 87' lang='lat' dir='ltr'>potero,</span> <span class='ocrx_word' id='word_1_53' title='bbox 701 1014 764 1092; x_wconf 86' lang='lat' dir='ltr'>jam</span> <span class='ocrx_word' id='word_1_54' title='bbox 775 1013 980 1073; x_wconf 83' lang='lat' dir='ltr'>confirmatum</span> <span class='ocrx_word' id='word_1_55' title='bbox 994 1013 1083 1072; x_wconf 92' lang='lat' dir='ltr'>dabo.</span> 
     </span>
    </p>

    <p class='ocr_par' dir='ltr' id='par_1_4' title="bbox 290 1103 1449 2332">
     <span class='ocr_line' id='line_1_8' title="bbox 334 1103 1387 1189; baseline 0.002 -19"><span class='ocrx_word' id='word_1_56' title='bbox 334 1113 401 1171; x_wconf 85' lang='lat' dir='ltr'>llno</span> <span class='ocrx_word' id='word_1_57' title='bbox 410 1129 490 1171; x_wconf 88' lang='lat' dir='ltr'>anuo</span> <span class='ocrx_word' id='word_1_58' title='bbox 502 1120 660 1189; x_wconf 91' lang='lat' dir='ltr'>postquam</span> <span class='ocrx_word' id='word_1_59' title='bbox 671 1109 770 1168; x_wconf 83' lang='lat' dir='ltr'>Liuius</span> <span class='ocrx_word' id='word_1_60' title='bbox 784 1108 893 1186; x_wconf 90' lang='lat' dir='ltr'>primas</span> <span class='ocrx_word' id='word_1_61' title='bbox 908 1108 1040 1168; x_wconf 88' lang='lat' dir='ltr'>dedisset</span> <span class='ocrx_word' id='word_1_62' title='bbox 1053 1103 1180 1181; x_wconf 79' lang='lat' dir='ltr'>fabulas,</span> <span class='ocrx_word' id='word_1_63' title='bbox 1188 1107 1283 1171; x_wconf 89' lang='lat' dir='ltr'>&#39;natus</span> <span class='ocrx_word' id='word_1_64' title='bbox 1297 1121 1344 1172; x_wconf 91' lang='lat' dir='ltr'>est</span> <span class='ocrx_word' id='word_1_65' title='bbox 1356 1114 1387 1172; x_wconf 81' lang='lat' dir='ltr'>ia</span> 
     </span>
     <span class='ocr_line' id='line_1_9' title="bbox 293 1201 1388 1282; baseline 0.001 -15"><span class='ocrx_word' id='word_1_66' title='bbox 293 1208 381 1267; x_wconf 90' lang='lat' dir='ltr'>ltalia</span> <span class='ocrx_word' id='word_1_67' title='bbox 395 1207 527 1265; x_wconf 77' lang='lat' dir='ltr'>Enniuaz</span> <span class='ocrx_word' id='word_1_68' title='bbox 549 1205 600 1282; x_wconf 90' lang='lat' dir='ltr'>qui</span> <span class='ocrx_word' id='word_1_69' title='bbox 623 1223 690 1276; x_wconf 81' lang='lat' dir='ltr'>cum</span> <span class='ocrx_word' id='word_1_70' title='bbox 710 1204 901 1274; x_wconf 74' lang='lat' dir='ltr'><strong>adolevisset,</strong></span> <span class='ocrx_word' id='word_1_71' title='bbox 926 1215 956 1264; x_wconf 86' lang='lat' dir='ltr'>et</span> <span class='ocrx_word' id='word_1_72' title='bbox 976 1201 1146 1282; x_wconf 77' lang='lat' dir='ltr'>diligentius</span> <span class='ocrx_word' id='word_1_73' title='bbox 1158 1205 1388 1280; x_wconf 66' lang='lat' dir='ltr'>considerasset,</span> 
     </span>
     <span class='ocr_line' id='line_1_10' title="bbox 293 1296 1449 1380; baseline 0.002 -20"><span class='ocrx_word' id='word_1_74' title='bbox 293 1312 475 1380; x_wconf 78' lang='lat' dir='ltr'>quantopere</span> <span class='ocrx_word' id='word_1_75' title='bbox 487 1298 657 1380; x_wconf 82' lang='lat' dir='ltr'>hujusmodi</span> <span class='ocrx_word' id='word_1_76' title='bbox 669 1298 772 1358; x_wconf 82' lang='lat' dir='ltr'>Satiris</span> <span class='ocrx_word' id='word_1_77' title='bbox 786 1296 979 1359; x_wconf 88' lang='lat' dir='ltr'>delectaretur</span> <span class='ocrx_word' id='word_1_78' title='bbox 992 1299 1132 1378; x_wconf 84' lang='lat' dir='ltr'>populus,</span> <span class='ocrx_word' id='word_1_79' title='bbox 1153 1309 1230 1360; x_wconf 82' lang='lat' dir='ltr'>reete</span> <span class='ocrx_word' id='word_1_80' title='bbox 1243 1311 1275 1360; x_wconf 81' lang='lat' dir='ltr'>ct</span> <span class='ocrx_word' id='word_1_81' title='bbox 1293 1301 1324 1361; x_wconf 92' lang='lat' dir='ltr'>id</span> <span class='ocrx_word' id='word_1_82' title='bbox 1343 1301 1387 1362; x_wconf 85' lang='lat' dir='ltr'>sl·</span> <span class='ocrx_word' id='word_1_83' title='bbox 1444 1341 1449 1352; x_wconf 88' lang='lat'>·</span> 
     </span>
     <span class='ocr_line' id='line_1_11' title="bbox 290 1392 1389 1474; baseline 0.001 -19"><span class='ocrx_word' id='word_1_84' title='bbox 290 1397 348 1468; x_wconf 89' lang='lat' dir='ltr'>dit,</span> <span class='ocrx_word' id='word_1_85' title='bbox 369 1396 522 1467; x_wconf 67' lang='lat' dir='ltr'>Poimata,</span> <span class='ocrx_word' id='word_1_86' title='bbox 537 1415 604 1474; x_wconf 83' lang='lat' dir='ltr'>quan</span> <span class='ocrx_word' id='word_1_87' title='bbox 625 1394 696 1455; x_wconf 86' lang='lat' dir='ltr'>licet</span> <span class='ocrx_word' id='word_1_88' title='bbox 714 1393 843 1454; x_wconf 81' lang='lat' dir='ltr'>Theatro</span> <span class='ocrx_word' id='word_1_89' title='bbox 857 1411 917 1453; x_wconf 92' lang='lat' dir='ltr'>nou</span> <span class='ocrx_word' id='word_1_90' title='bbox 931 1392 1158 1468; x_wconf 71' lang='lat' dir='ltr'>destinarentur,</span> <span class='ocrx_word' id='word_1_91' title='bbox 1178 1394 1308 1455; x_wconf 82' lang='lat' dir='ltr'>suffusos</span> <span class='ocrx_word' id='word_1_92' title='bbox 1320 1395 1389 1457; x_wconf 85' lang='lat' dir='ltr'>lelle</span> 
     </span>
     <span class='ocr_line' id='line_1_12' title="bbox 294 1487 1388 1563; baseline -0.001 -12"><span class='ocrx_word' id='word_1_93' title='bbox 294 1490 372 1552; x_wconf 87' lang='lat' dir='ltr'>sales</span> <span class='ocrx_word' id='word_1_94' title='bbox 395 1499 427 1551; x_wconf 87' lang='lat' dir='ltr'>et</span> <span class='ocrx_word' id='word_1_95' title='bbox 451 1491 573 1551; x_wconf 85' lang='lat' dir='ltr'>dicteria</span> <span class='ocrx_word' id='word_1_96' title='bbox 597 1491 758 1549; x_wconf 74' lang='lat' dir='ltr'>Satirarum</span> <span class='ocrx_word' id='word_1_97' title='bbox 781 1487 932 1554; x_wconf 78' lang='lat' dir='ltr'>mordacia</span> <span class='ocrx_word' id='word_1_98' title='bbox 959 1500 1169 1548; x_wconf 75' lang='lat' dir='ltr'>conservarent</span> <span class='ocrx_word' id='word_1_99' title='bbox 1190 1499 1300 1563; x_wconf 74' lang='lat' dir='ltr'>umen,</span> <span class='ocrx_word' id='word_1_100' title='bbox 1328 1506 1388 1550; x_wconf 91' lang='lat' dir='ltr'>non</span> 
     </span>
     <span class='ocr_line' id='line_1_13' title="bbox 292 1583 1390 1666; baseline 0.002 -21"><span class='ocrx_word' id='word_1_101' title='bbox 292 1604 382 1665; x_wconf 90' lang='lat' dir='ltr'>posse</span> <span class='ocrx_word' id='word_1_102' title='bbox 396 1605 456 1646; x_wconf 91' lang='lat' dir='ltr'>non</span> <span class='ocrx_word' id='word_1_103' title='bbox 469 1585 587 1666; x_wconf 86' lang='lat' dir='ltr'>placere</span> <span class='ocrx_word' id='word_1_104' title='bbox 598 1584 729 1664; x_wconf 71' lang='lat' dir='ltr'>populor</span> <span class='ocrx_word' id='word_1_105' title='bbox 750 1583 914 1662; x_wconf 90' lang='lat' dir='ltr'>periculum</span> <span class='ocrx_word' id='word_1_106' title='bbox 936 1583 1008 1644; x_wconf 85' lang='lat' dir='ltr'>lecit</span> <span class='ocrx_word' id='word_1_107' title='bbox 1029 1594 1117 1661; x_wconf 87' lang='lat' dir='ltr'>atqua</span> <span class='ocrx_word' id='word_1_108' title='bbox 1136 1583 1231 1644; x_wconf 84' lang='lat' dir='ltr'>edidit</span> <span class='ocrx_word' id='word_1_109' title='bbox 1253 1587 1390 1647; x_wconf 80' lang='lat' dir='ltr'>‘Sermo-</span> 
     </span>
     <span class='ocr_line' id='line_1_14' title="bbox 294 1677 1390 1760; baseline 0 -20"><span class='ocrx_word' id='word_1_110' title='bbox 294 1682 369 1755; x_wconf 86' lang='lat' dir='ltr'>nas,’</span> <span class='ocrx_word' id='word_1_111' title='bbox 388 1701 465 1760; x_wconf 89' lang='lat' dir='ltr'>quoa</span> <span class='ocrx_word' id='word_1_112' title='bbox 485 1680 637 1739; x_wconf 81' lang='lat' dir='ltr'>‘Satires&#39;</span> <span class='ocrx_word' id='word_1_113' title='bbox 658 1688 773 1738; x_wconf 86' lang='lat' dir='ltr'>serrato</span> <span class='ocrx_word' id='word_1_114' title='bbox 797 1677 920 1755; x_wconf 89' lang='lat' dir='ltr'>antiquo</span> <span class='ocrx_word' id='word_1_115' title='bbox 943 1677 1063 1737; x_wconf 87' lang='lat' dir='ltr'>nomiae</span> <span class='ocrx_word' id='word_1_116' title='bbox 1085 1678 1254 1758; x_wconf 83' lang='lat' dir='ltr'>appellarit.</span> <span class='ocrx_word' id='word_1_117' title='bbox 1295 1679 1390 1742; x_wconf 85' lang='lat' dir='ltr'>Erant</span> 
     </span>
     <span class='ocr_line' id='line_1_15' title="bbox 293 1772 1386 1853; baseline 0 -16"><span class='ocrx_word' id='word_1_118' title='bbox 293 1779 325 1838; x_wconf 83' lang='lat' dir='ltr'>ni</span> <span class='ocrx_word' id='word_1_119' title='bbox 338 1780 495 1839; x_wconf 67' lang='lat' dir='ltr'>&amp;arnonas</span> <span class='ocrx_word' id='word_1_120' title='bbox 509 1775 690 1845; x_wconf 85' lang='lat' dir='ltr'>Horatianis,</span> <span class='ocrx_word' id='word_1_121' title='bbox 701 1773 781 1853; x_wconf 86' lang='lat' dir='ltr'>quod</span> <span class='ocrx_word' id='word_1_122' title='bbox 796 1772 834 1832; x_wconf 91' lang='lat' dir='ltr'>ad</span> <span class='ocrx_word' id='word_1_123' title='bbox 843 1783 1050 1852; x_wconf 78' lang='lat' dir='ltr'>argumentum</span> <span class='ocrx_word' id='word_1_124' title='bbox 1058 1787 1089 1832; x_wconf 87' lang='lat' dir='ltr'>et</span> <span class='ocrx_word' id='word_1_125' title='bbox 1099 1773 1268 1834; x_wconf 68' lang='lat' dir='ltr'>saumatam</span> <span class='ocrx_word' id='word_1_126' title='bbox 1278 1791 1386 1849; x_wconf 86' lang='lat' dir='ltr'>reram,</span> 
     </span>
     <span class='ocr_line' id='line_1_16' title="bbox 293 1867 1391 1953; baseline 0.001 -21"><span class='ocrx_word' id='word_1_127' title='bbox 293 1893 348 1953; x_wconf 81' lang='lat' dir='ltr'>per</span> <span class='ocrx_word' id='word_1_128' title='bbox 360 1874 459 1933; x_wconf 89' lang='lat' dir='ltr'>omnin</span> <span class='ocrx_word' id='word_1_129' title='bbox 481 1871 611 1930; x_wconf 86' lang='lat' dir='ltr'>similes:</span> <span class='ocrx_word' id='word_1_130' title='bbox 631 1879 767 1951; x_wconf 81' lang='lat' dir='ltr'>excepto,</span> <span class='ocrx_word' id='word_1_131' title='bbox 778 1869 870 1947; x_wconf 77' lang='lat' dir='ltr'>,quod</span> <span class='ocrx_word' id='word_1_132' title='bbox 893 1869 1004 1928; x_wconf 85' lang='lat' dir='ltr'>Ennius</span> <span class='ocrx_word' id='word_1_133' title='bbox 1018 1867 1056 1927; x_wconf 87' lang='lat' dir='ltr'>ad</span> <span class='ocrx_word' id='word_1_134' title='bbox 1069 1869 1253 1948; x_wconf 88' lang='lat' dir='ltr'>quorundam</span> <span class='ocrx_word' id='word_1_135' title='bbox 1268 1871 1391 1933; x_wconf 73' lang='lat' dir='ltr'>Graeco·</span> 
     </span>
     <span class='ocr_line' id='line_1_17' title="bbox 294 1962 1392 2046; baseline 0 -18"><span class='ocrx_word' id='word_1_136' title='bbox 294 1984 370 2040; x_wconf 85' lang='lat' dir='ltr'>rom,</span> <span class='ocrx_word' id='word_1_137' title='bbox 392 1969 486 2046; x_wconf 88' lang='lat' dir='ltr'>ipsius</span> <span class='ocrx_word' id='word_1_138' title='bbox 506 1968 596 2026; x_wconf 90' lang='lat' dir='ltr'>etiam</span> <span class='ocrx_word' id='word_1_139' title='bbox 618 1965 738 2024; x_wconf 83' lang='lat' dir='ltr'>Homeri</span> <span class='ocrx_word' id='word_1_140' title='bbox 761 1965 939 2044; x_wconf 84' lang='lat' dir='ltr'>exemplum,</span> <span class='ocrx_word' id='word_1_141' title='bbox 960 1965 990 2024; x_wconf 93' lang='lat' dir='ltr'>id</span> <span class='ocrx_word' id='word_1_142' title='bbox 1014 1962 1069 2024; x_wconf 87' lang='lat' dir='ltr'>sibl</span> <span class='ocrx_word' id='word_1_143' title='bbox 1087 1964 1163 2043; x_wconf 87' lang='lat' dir='ltr'>juris</span> <span class='ocrx_word' id='word_1_144' title='bbox 1185 1968 1339 2038; x_wconf 85' lang='lat' dir='ltr'>sumserit,¹</span> <span class='ocrx_word' id='word_1_145' title='bbox 1357 1977 1392 2028; x_wconf 90' lang='lat' dir='ltr'>ut</span> 
     </span>
     <span class='ocr_line' id='line_1_18' title="bbox 294 2059 1390 2143; baseline 0.002 -21"><span class='ocrx_word' id='word_1_146' title='bbox 294 2064 381 2143; x_wconf 91' lang='lat' dir='ltr'>plura</span> <span class='ocrx_word' id='word_1_147' title='bbox 392 2061 564 2121; x_wconf 77' lang='lat' dir='ltr'>carminum</span> <span class='ocrx_word' id='word_1_148' title='bbox 578 2075 697 2139; x_wconf 75' lang='lat' dir='ltr'>genera,</span> <span class='ocrx_word' id='word_1_149' title='bbox 711 2059 844 2119; x_wconf 80' lang='lat' dir='ltr'>conlusio</span> <span class='ocrx_word' id='word_1_150' title='bbox 860 2060 1056 2131; x_wconf 70' lang='lat' dir='ltr'>Hammonis,</span> <span class='ocrx_word' id='word_1_151' title='bbox 1070 2059 1219 2134; x_wconf 79' lang='lat' dir='ltr'>lambitis,</span> <span class='ocrx_word' id='word_1_152' title='bbox 1228 2062 1390 2134; x_wconf 83' lang='lat' dir='ltr'>Trimetris,</span> 
     </span>
     <span class='ocr_line' id='line_1_19' title="bbox 296 2153 1391 2237; baseline 0.001 -19"><span class='ocrx_word' id='word_1_153' title='bbox 296 2169 326 2218; x_wconf 85' lang='lat' dir='ltr'>at</span> <span class='ocrx_word' id='word_1_154' title='bbox 340 2156 528 2217; x_wconf 77' lang='lat' dir='ltr'>&#39;l&#39;etrametris</span> <span class='ocrx_word' id='word_1_155' title='bbox 542 2155 711 2216; x_wconf 84' lang='lat' dir='ltr'>Trochaiois</span> <span class='ocrx_word' id='word_1_156' title='bbox 725 2155 938 2227; x_wconf 88' lang='lat' dir='ltr'>commisceret,</span> <span class='ocrx_word' id='word_1_157' title='bbox 961 2164 995 2214; x_wconf 91' lang='lat' dir='ltr'>ut</span> <span class='ocrx_word' id='word_1_158' title='bbox 1008 2174 1045 2214; x_wconf 89' lang='lat' dir='ltr'>ex</span> <span class='ocrx_word' id='word_1_159' title='bbox 1060 2153 1245 2235; x_wconf 79' lang='lat' dir='ltr'>Fragmentis</span> <span class='ocrx_word' id='word_1_160' title='bbox 1258 2173 1325 2237; x_wconf 85' lang='lat' dir='ltr'>ques</span> <span class='ocrx_word' id='word_1_161' title='bbox 1339 2177 1391 2219; x_wconf 87' lang='lat' dir='ltr'>su-</span> 
     </span>
     <span class='ocr_line' id='line_1_20' title="bbox 296 2250 635 2332; baseline -0.012 -19"><span class='ocrx_word' id='word_1_162' title='bbox 296 2261 429 2332; x_wconf 88' lang='lat' dir='ltr'>persunt,</span> <span class='ocrx_word' id='word_1_163' title='bbox 444 2253 517 2311; x_wconf 88' lang='lat' dir='ltr'>satis</span> <span class='ocrx_word' id='word_1_164' title='bbox 531 2250 635 2330; x_wconf 83' lang='lat' dir='ltr'>liquet.</span> 
     </span>
    </p>

    <p class='ocr_par' dir='ltr' id='par_1_5' title="bbox 338 2345 1390 2424">
     <span class='ocr_line' id='line_1_21' title="bbox 338 2345 1390 2424; baseline 0.003 -19"><span class='ocrx_word' id='word_1_165' title='bbox 338 2348 454 2409; x_wconf 83' lang='lat' dir='ltr'>Videtis</span> <span class='ocrx_word' id='word_1_166' title='bbox 467 2347 714 2406; x_wconf 84' lang='lat' dir='ltr'>Tetramotrorum</span> <span class='ocrx_word' id='word_1_167' title='bbox 728 2345 896 2424; x_wconf 85' lang='lat' dir='ltr'>exemplum</span> <span class='ocrx_word' id='word_1_168' title='bbox 910 2347 948 2405; x_wconf 87' lang='lat' dir='ltr'>ab</span> <span class='ocrx_word' id='word_1_169' title='bbox 961 2345 1038 2406; x_wconf 87' lang='lat' dir='ltr'>Aulo</span> <span class='ocrx_word' id='word_1_170' title='bbox 1055 2345 1153 2407; x_wconf 86' lang='lat' dir='ltr'>Gellio</span> <span class='ocrx_word' id='word_1_171' title='bbox 1172 2358 1390 2422; x_wconf 82' lang='lat' dir='ltr'>conservatum,</span> 
     </span>
    </p>
   </div>
   <div class='ocr_carea' id='block_1_3' title="bbox 297 2424 1321 2524">
    <p class='ocr_par' dir='ltr' id='par_1_6' title="bbox 297 2424 1321 2524">
     <span class='ocr_line' id='line_1_22' title="bbox 297 2424 1321 2524; baseline 0 -20"><span class='ocrx_word' id='word_1_172' title='bbox 297 2443 418 2524; x_wconf 74' lang='lat' dir='ltr'>dignum</span> <span class='ocrx_word' id='word_1_173' title='bbox 433 2462 516 2515; x_wconf 88' lang='lat' dir='ltr'>sanc,</span> <span class='ocrx_word' id='word_1_174' title='bbox 528 2442 609 2521; x_wconf 91' lang='lat' dir='ltr'>quod</span> <span class='ocrx_word' id='word_1_175' title='bbox 623 2443 661 2502; x_wconf 91' lang='lat' dir='ltr'>ob</span> <span class='ocrx_word' id='word_1_176' title='bbox 674 2424 810 2502; x_wconf 80' lang='lat' dir='ltr'>eximiam</span> <span class='ocrx_word' id='word_1_177' title='bbox 823 2440 1069 2519; x_wconf 88' lang='lat' dir='ltr'>pulchritudinem</span> <span class='ocrx_word' id='word_1_178' title='bbox 1082 2441 1130 2502; x_wconf 89' lang='lat' dir='ltr'>hic</span> <span class='ocrx_word' id='word_1_179' title='bbox 1144 2453 1321 2524; x_wconf 81' lang='lat' dir='ltr'>reponatur:</span> 
     </span>
    </p>
   </div>
   <div class='ocr_carea' id='block_1_4' title="bbox 417 2553 1244 2730">
    <p class='ocr_par' dir='ltr' id='par_1_7' title="bbox 417 2553 1244 2730">
     <span class='ocr_line' id='line_1_23' title="bbox 420 2553 1244 2639; baseline -0.002 -23"><span class='ocrx_word' id='word_1_180' title='bbox 420 2556 488 2616; x_wconf 92' lang='lat' dir='ltr'>Hoc</span> <span class='ocrx_word' id='word_1_181' title='bbox 498 2557 553 2615; x_wconf 87' lang='lat' dir='ltr'>erit</span> <span class='ocrx_word' id='word_1_182' title='bbox 564 2556 615 2614; x_wconf 91' lang='lat' dir='ltr'>tibi</span> <span class='ocrx_word' id='word_1_183' title='bbox 628 2562 833 2632; x_wconf 76' lang='lat' dir='ltr'>argumentum</span> <span class='ocrx_word' id='word_1_184' title='bbox 847 2573 962 2634; x_wconf 86' lang='lat' dir='ltr'>semper</span> <span class='ocrx_word' id='word_1_185' title='bbox 973 2553 1002 2614; x_wconf 89' lang='lat' dir='ltr'>in</span> <span class='ocrx_word' id='word_1_186' title='bbox 1016 2562 1132 2635; x_wconf 91' lang='lat' dir='ltr'>promtu</span> <span class='ocrx_word' id='word_1_187' title='bbox 1146 2553 1244 2639; x_wconf 80' lang='lat' dir='ltr'>sitnm,</span> 
     </span>
     <span class='ocr_line' id='line_1_24' title="bbox 417 2649 1220 2730; baseline 0.004 -21"><span class='ocrx_word' id='word_1_188' title='bbox 417 2649 537 2728; x_wconf 86' lang='lat' dir='ltr'>Nequid</span> <span class='ocrx_word' id='word_1_189' title='bbox 550 2658 689 2727; x_wconf 82' lang='lat' dir='ltr'>expectes</span> <span class='ocrx_word' id='word_1_190' title='bbox 703 2650 824 2722; x_wconf 87' lang='lat' dir='ltr'>amieos,</span> <span class='ocrx_word' id='word_1_191' title='bbox 838 2650 919 2728; x_wconf 93' lang='lat' dir='ltr'>quod</span> <span class='ocrx_word' id='word_1_192' title='bbox 933 2659 996 2710; x_wconf 88' lang='lat' dir='ltr'>tute</span> <span class='ocrx_word' id='word_1_193' title='bbox 1010 2667 1097 2730; x_wconf 79' lang='lat' dir='ltr'>agere</span> <span class='ocrx_word' id='word_1_194' title='bbox 1110 2649 1220 2729; x_wconf 88' lang='lat' dir='ltr'>possis.</span> 
     </span>
    </p>
   </div>
   <div class='ocr_carea' id='block_1_5' title="bbox 237 2759 1394 4249">
    <p class='ocr_par' dir='ltr' id='par_1_8' title="bbox 237 2759 1391 3128">
     <span class='ocr_line' id='line_1_25' title="bbox 237 2759 1387 2844; baseline 0.003 -24"><span class='ocrx_word' id='word_1_195' title='bbox 237 2826 240 2833; x_wconf 54' lang='grc'>,</span> <span class='ocrx_word' id='word_1_196' title='bbox 338 2759 597 2821; x_wconf 63' lang='lat' dir='ltr'>annumeraverim</span> <span class='ocrx_word' id='word_1_197' title='bbox 618 2777 705 2844; x_wconf 91' lang='lat' dir='ltr'>porro</span> <span class='ocrx_word' id='word_1_198' title='bbox 721 2760 809 2820; x_wconf 83' lang='lat' dir='ltr'>Ennii</span> <span class='ocrx_word' id='word_1_199' title='bbox 822 2761 926 2822; x_wconf 86' lang='lat' dir='ltr'>Satiris</span> <span class='ocrx_word' id='word_1_200' title='bbox 941 2761 1061 2822; x_wconf 83' lang='lat' dir='ltr'>altarum</span> <span class='ocrx_word' id='word_1_201' title='bbox 1075 2760 1155 2821; x_wconf 89' lang='lat' dir='ltr'>illam</span> <span class='ocrx_word' id='word_1_202' title='bbox 1170 2761 1297 2841; x_wconf 87' lang='lat' dir='ltr'>speciem</span> <span class='ocrx_word' id='word_1_203' title='bbox 1311 2762 1387 2823; x_wconf 84' lang='lat' dir='ltr'>Ver·</span> 
     </span>
     <span class='ocr_line' id='line_1_26' title="bbox 299 2855 1389 2938; baseline -0.001 -19"><span class='ocrx_word' id='word_1_204' title='bbox 299 2876 396 2928; x_wconf 90' lang='lat' dir='ltr'>suum,</span> <span class='ocrx_word' id='word_1_205' title='bbox 418 2857 469 2935; x_wconf 88' lang='lat' dir='ltr'>qai</span> <span class='ocrx_word' id='word_1_206' title='bbox 489 2876 526 2915; x_wconf 88' lang='lat' dir='ltr'>ea</span> <span class='ocrx_word' id='word_1_207' title='bbox 548 2864 619 2915; x_wconf 90' lang='lat' dir='ltr'>sunt</span> <span class='ocrx_word' id='word_1_208' title='bbox 632 2865 797 2930; x_wconf 84' lang='lat' dir='ltr'>venustate,</span> <span class='ocrx_word' id='word_1_209' title='bbox 810 2875 848 2917; x_wconf 88' lang='lat' dir='ltr'>ea</span> <span class='ocrx_word' id='word_1_210' title='bbox 860 2855 1019 2936; x_wconf 71' lang='lat' dir='ltr'>elegantia,</span> <span class='ocrx_word' id='word_1_211' title='bbox 1032 2869 1065 2916; x_wconf 92' lang='lat' dir='ltr'>ut</span> <span class='ocrx_word' id='word_1_212' title='bbox 1078 2857 1219 2918; x_wconf 79' lang='lat' dir='ltr'>saeculum</span> <span class='ocrx_word' id='word_1_213' title='bbox 1234 2859 1324 2938; x_wconf 76' lang='lat' dir='ltr'>longe</span> <span class='ocrx_word' id='word_1_214' title='bbox 1336 2877 1389 2918; x_wconf 88' lang='lat' dir='ltr'>su·</span> 
     </span>
     <span class='ocr_line' id='line_1_27' title="bbox 298 2951 1391 3033; baseline 0.002 -21"><span class='ocrx_word' id='word_1_215' title='bbox 298 2968 401 3033; x_wconf 85' lang='lat' dir='ltr'>perure</span> <span class='ocrx_word' id='word_1_216' title='bbox 419 2951 583 3012; x_wconf 82' lang='lat' dir='ltr'>sideaumr.</span> <span class='ocrx_word' id='word_1_217' title='bbox 623 2951 696 3011; x_wconf 85' lang='lat' dir='ltr'>Rem</span> <span class='ocrx_word' id='word_1_218' title='bbox 718 2969 778 3011; x_wconf 89' lang='lat' dir='ltr'>non</span> <span class='ocrx_word' id='word_1_219' title='bbox 799 2953 944 3027; x_wconf 71' lang='lat' dir='ltr'>ingratam</span> <span class='ocrx_word' id='word_1_220' title='bbox 968 2951 1075 3025; x_wconf 82' lang='lat' dir='ltr'>secero,</span> <span class='ocrx_word' id='word_1_221' title='bbox 1096 2953 1121 3013; x_wconf 88' lang='lat' dir='ltr'>si</span> <span class='ocrx_word' id='word_1_222' title='bbox 1142 2953 1275 3014; x_wconf 75' lang='lat' dir='ltr'>lectoris</span> <span class='ocrx_word' id='word_1_223' title='bbox 1296 2953 1391 3014; x_wconf 88' lang='lat' dir='ltr'>oculis</span> 
     </span>
     <span class='ocr_line' id='line_1_28' title="bbox 298 3048 468 3128; baseline -0.006 -20"><span class='ocrx_word' id='word_1_224' title='bbox 298 3048 468 3128; x_wconf 71' lang='lat' dir='ltr'>subjecero:</span> 
     </span>
    </p>

    <p class='ocr_par' dir='ltr' id='par_1_9' title="bbox 420 3139 1163 3222">
     <span class='ocr_line' id='line_1_29' title="bbox 420 3139 1163 3222; baseline 0.003 -20"><span class='ocrx_word' id='word_1_225' title='bbox 420 3143 489 3203; x_wconf 89' lang='lat' dir='ltr'>Non</span> <span class='ocrx_word' id='word_1_226' title='bbox 503 3143 598 3202; x_wconf 80' lang='lat' dir='ltr'>liabeo</span> <span class='ocrx_word' id='word_1_227' title='bbox 612 3139 738 3220; x_wconf 86' lang='lat' dir='ltr'>donique</span> <span class='ocrx_word' id='word_1_228' title='bbox 752 3143 840 3202; x_wconf 90' lang='lat' dir='ltr'>nauci</span> <span class='ocrx_word' id='word_1_229' title='bbox 855 3142 987 3202; x_wconf 85' lang='lat' dir='ltr'>Marsum</span> <span class='ocrx_word' id='word_1_230' title='bbox 1002 3145 1163 3222; x_wconf 82' lang='lat' dir='ltr'>Augurem,</span> 
     </span>
    </p>

    <p class='ocr_par' dir='ltr' id='par_1_10' title="bbox 421 3235 1236 3319">
     <span class='ocr_line' id='line_1_30' title="bbox 421 3235 1236 3319; baseline 0.005 -23"><span class='ocrx_word' id='word_1_231' title='bbox 421 3239 490 3297; x_wconf 80' lang='lat' dir='ltr'>Non</span> <span class='ocrx_word' id='word_1_232' title='bbox 502 3238 623 3298; x_wconf 85' lang='lat' dir='ltr'>vicanos</span> <span class='ocrx_word' id='word_1_233' title='bbox 638 3238 809 3317; x_wconf 81' lang='lat' dir='ltr'>Aruspices,</span> <span class='ocrx_word' id='word_1_234' title='bbox 821 3257 881 3298; x_wconf 90' lang='lat' dir='ltr'>noo</span> <span class='ocrx_word' id='word_1_235' title='bbox 894 3235 933 3299; x_wconf 86' lang='lat' dir='ltr'>de</span> <span class='ocrx_word' id='word_1_236' title='bbox 947 3239 1035 3301; x_wconf 82' lang='lat' dir='ltr'>Circo</span> <span class='ocrx_word' id='word_1_237' title='bbox 1050 3239 1236 3319; x_wconf 74' lang='lat' dir='ltr'>Astrologos,</span> 
     </span>
    </p>

    <p class='ocr_par' dir='ltr' id='par_1_11' title="bbox 420 3331 1276 3415">
     <span class='ocr_line' id='line_1_31' title="bbox 420 3331 1276 3415; baseline 0.005 -23"><span class='ocrx_word' id='word_1_238' title='bbox 420 3334 489 3394; x_wconf 78' lang='lat' dir='ltr'>Non</span> <span class='ocrx_word' id='word_1_239' title='bbox 504 3332 615 3393; x_wconf 86' lang='lat' dir='ltr'>lslaoos</span> <span class='ocrx_word' id='word_1_240' title='bbox 628 3331 829 3412; x_wconf 77' lang='lat' dir='ltr'>cmjectores,</span> <span class='ocrx_word' id='word_1_241' title='bbox 843 3353 902 3394; x_wconf 90' lang='lat' dir='ltr'>non</span> <span class='ocrx_word' id='word_1_242' title='bbox 916 3334 1094 3415; x_wconf 83' lang='lat' dir='ltr'>Interpretea</span> <span class='ocrx_word' id='word_1_243' title='bbox 1107 3335 1253 3396; x_wconf 89' lang='lat' dir='ltr'>somnium</span> <span class='ocrx_word' id='word_1_244' title='bbox 1267 3353 1276 3395; x_wconf 76' lang='lat' dir='ltr'>a</span> 
     </span>
    </p>

    <p class='ocr_par' dir='ltr' id='par_1_12' title="bbox 420 3428 1257 3501">
     <span class='ocr_line' id='line_1_32' title="bbox 420 3428 1257 3501; baseline 0.006 -15"><span class='ocrx_word' id='word_1_245' title='bbox 420 3428 488 3488; x_wconf 89' lang='lat' dir='ltr'>Non</span> <span class='ocrx_word' id='word_1_246' title='bbox 502 3429 578 3488; x_wconf 91' lang='lat' dir='ltr'>enim</span> <span class='ocrx_word' id='word_1_247' title='bbox 592 3437 661 3488; x_wconf 89' lang='lat' dir='ltr'>sunt</span> <span class='ocrx_word' id='word_1_248' title='bbox 673 3428 703 3498; x_wconf 89' lang='lat' dir='ltr'>ii,</span> <span class='ocrx_word' id='word_1_249' title='bbox 717 3429 913 3501; x_wconf 67' lang='lat' dir='ltr'>uniueisum,</span> <span class='ocrx_word' id='word_1_250' title='bbox 926 3440 978 3490; x_wconf 86' lang='lat' dir='ltr'>aut</span> <span class='ocrx_word' id='word_1_251' title='bbox 992 3439 1053 3490; x_wconf 88' lang='lat' dir='ltr'>arte</span> <span class='ocrx_word' id='word_1_252' title='bbox 1067 3430 1187 3498; x_wconf 71' lang='lat' dir='ltr'>Disinla</span> <span class='ocrx_word' id='word_1_253' title='bbox 1255 3431 1257 3436; x_wconf 81' lang='grc'><strong>’</strong></span> 
     </span>
    </p>

    <p class='ocr_par' dir='ltr' id='par_1_13' title="bbox 419 3522 1181 3604">
     <span class='ocr_line' id='line_1_33' title="bbox 419 3522 1181 3604; baseline 0.003 -22"><span class='ocrx_word' id='word_1_254' title='bbox 419 3523 479 3582; x_wconf 83' lang='lat' dir='ltr'>sed</span> <span class='ocrx_word' id='word_1_255' title='bbox 495 3522 691 3602; x_wconf 85' lang='lat' dir='ltr'>superstitiosi</span> <span class='ocrx_word' id='word_1_256' title='bbox 703 3534 794 3596; x_wconf 83' lang='lat' dir='ltr'>vates,</span> <span class='ocrx_word' id='word_1_257' title='bbox 808 3525 1052 3604; x_wconf 81' lang='lat' dir='ltr'>impudentesque</span> <span class='ocrx_word' id='word_1_258' title='bbox 1065 3525 1181 3598; x_wconf 84' lang='lat' dir='ltr'>harioli,</span> 
     </span>
    </p>

    <p class='ocr_par' dir='ltr' id='par_1_14' title="bbox 420 3618 1268 3702">
     <span class='ocr_line' id='line_1_34' title="bbox 420 3618 1268 3702; baseline 0.002 -24"><span class='ocrx_word' id='word_1_259' title='bbox 420 3619 483 3678; x_wconf 75' lang='lat' dir='ltr'>Aut</span> <span class='ocrx_word' id='word_1_260' title='bbox 493 3618 613 3691; x_wconf 83' lang='lat' dir='ltr'>inertes,</span> <span class='ocrx_word' id='word_1_261' title='bbox 623 3629 675 3678; x_wconf 89' lang='lat' dir='ltr'>aut</span> <span class='ocrx_word' id='word_1_262' title='bbox 688 3619 796 3692; x_wconf 89' lang='lat' dir='ltr'>insani,</span> <span class='ocrx_word' id='word_1_263' title='bbox 809 3631 860 3680; x_wconf 90' lang='lat' dir='ltr'>aut</span> <span class='ocrx_word' id='word_1_264' title='bbox 873 3621 980 3699; x_wconf 89' lang='lat' dir='ltr'>quibus</span> <span class='ocrx_word' id='word_1_265' title='bbox 994 3629 1112 3701; x_wconf 73' lang='lat' dir='ltr'>egestas</span> <span class='ocrx_word' id='word_1_266' title='bbox 1126 3621 1268 3702; x_wconf 88' lang='lat' dir='ltr'>imperat:</span> 
     </span>
    </p>

    <p class='ocr_par' dir='ltr' id='par_1_15' title="bbox 420 3713 1235 3792">
     <span class='ocr_line' id='line_1_35' title="bbox 420 3713 1235 3792; baseline 0.006 -22"><span class='ocrx_word' id='word_1_267' title='bbox 420 3713 478 3783; x_wconf 80' lang='lat' dir='ltr'>Qui</span> <span class='ocrx_word' id='word_1_268' title='bbox 493 3713 538 3771; x_wconf 90' lang='lat' dir='ltr'>sui</span> <span class='ocrx_word' id='word_1_269' title='bbox 553 3725 687 3792; x_wconf 83' lang='lat' dir='ltr'>quaestus</span> <span class='ocrx_word' id='word_1_270' title='bbox 701 3731 793 3772; x_wconf 87' lang='lat' dir='ltr'>causa</span> <span class='ocrx_word' id='word_1_271' title='bbox 804 3713 889 3774; x_wconf 82' lang='lat' dir='ltr'>fictas</span> <span class='ocrx_word' id='word_1_272' title='bbox 905 3717 1050 3776; x_wconf 86' lang='lat' dir='ltr'>suscitant</span> <span class='ocrx_word' id='word_1_273' title='bbox 1063 3717 1235 3787; x_wconf 87' lang='lat' dir='ltr'>senteotias,</span> 
     </span>
    </p>

    <p class='ocr_par' dir='ltr' id='par_1_16' title="bbox 419 3807 1290 3887">
     <span class='ocr_line' id='line_1_36' title="bbox 419 3807 1290 3887; baseline 0.003 -20"><span class='ocrx_word' id='word_1_274' title='bbox 419 3809 478 3875; x_wconf 86' lang='lat' dir='ltr'>Qui</span> <span class='ocrx_word' id='word_1_275' title='bbox 491 3808 548 3869; x_wconf 87' lang='lat' dir='ltr'>sibl</span> <span class='ocrx_word' id='word_1_276' title='bbox 562 3807 694 3868; x_wconf 84' lang='lat' dir='ltr'>semitam</span> <span class='ocrx_word' id='word_1_277' title='bbox 707 3826 767 3869; x_wconf 91' lang='lat' dir='ltr'>non</span> <span class='ocrx_word' id='word_1_278' title='bbox 782 3809 913 3887; x_wconf 85' lang='lat' dir='ltr'>sapiunt,</span> <span class='ocrx_word' id='word_1_279' title='bbox 927 3809 1009 3871; x_wconf 89' lang='lat' dir='ltr'>alteri</span> <span class='ocrx_word' id='word_1_280' title='bbox 1022 3821 1189 3870; x_wconf 87' lang='lat' dir='ltr'>monstrant</span> <span class='ocrx_word' id='word_1_281' title='bbox 1202 3807 1290 3882; x_wconf 84' lang='lat' dir='ltr'>viam,</span> 
     </span>
    </p>

    <p class='ocr_par' dir='ltr' id='par_1_17' title="bbox 417 3894 1284 3986">
     <span class='ocr_line' id='line_1_37' title="bbox 417 3894 1284 3986; baseline 0.001 -23"><span class='ocrx_word' id='word_1_282' title='bbox 417 3903 532 3972; x_wconf 83' lang='lat' dir='ltr'>Quibus</span> <span class='ocrx_word' id='word_1_283' title='bbox 546 3899 665 3962; x_wconf 87' lang='lat' dir='ltr'>divitias</span> <span class='ocrx_word' id='word_1_284' title='bbox 678 3894 862 3980; x_wconf 77' lang='lat' dir='ltr'>pollicentur,</span> <span class='ocrx_word' id='word_1_285' title='bbox 874 3904 911 3964; x_wconf 89' lang='lat' dir='ltr'>ab</span> <span class='ocrx_word' id='word_1_286' title='bbox 926 3905 961 3964; x_wconf 91' lang='lat' dir='ltr'>iis</span> <span class='ocrx_word' id='word_1_287' title='bbox 976 3903 1144 3964; x_wconf 80' lang='lat' dir='ltr'>drachmam</span> <span class='ocrx_word' id='word_1_288' title='bbox 1160 3914 1284 3986; x_wconf 76' lang='lat' dir='ltr'>petuntt</span> 
     </span>
    </p>

    <p class='ocr_par' dir='ltr' id='par_1_18' title="bbox 340 3996 1394 4172">
     <span class='ocr_line' id='line_1_38' title="bbox 393 3996 1222 4072; baseline 0 -14"><span class='ocrx_word' id='word_1_289' title='bbox 393 4021 397 4028; x_wconf 89' lang='lat'><strong>·</strong></span> <span class='ocrx_word' id='word_1_290' title='bbox 420 3998 467 4058; x_wconf 85' lang='lat' dir='ltr'>Da</span> <span class='ocrx_word' id='word_1_291' title='bbox 480 3999 588 4058; x_wconf 82' lang='lat' dir='ltr'>diuitiis</span> <span class='ocrx_word' id='word_1_292' title='bbox 601 3996 750 4058; x_wconf 84' lang='lat' dir='ltr'>deducant</span> <span class='ocrx_word' id='word_1_293' title='bbox 763 3998 944 4072; x_wconf 75' lang='lat' dir='ltr'>draonam,</span> <span class='ocrx_word' id='word_1_294' title='bbox 955 3999 1082 4061; x_wconf 86' lang='lat' dir='ltr'>reddant</span> <span class='ocrx_word' id='word_1_295' title='bbox 1094 3999 1222 4060; x_wconf 68' lang='lat' dir='ltr'>uatem!</span> 
     </span>
     <span class='ocr_line' id='line_1_39' title="bbox 340 4089 1394 4172; baseline 0.001 -23"><span class='ocrx_word' id='word_1_296' title='bbox 340 4089 528 4160; x_wconf 64' lang='lat' dir='ltr'>Plurimaex</span> <span class='ocrx_word' id='word_1_297' title='bbox 550 4092 597 4156; x_wconf 83' lang='lat' dir='ltr'>his</span> <span class='ocrx_word' id='word_1_298' title='bbox 622 4091 725 4153; x_wconf 82' lang='lat' dir='ltr'>Satiris</span> <span class='ocrx_word' id='word_1_299' title='bbox 750 4093 895 4155; x_wconf 86' lang='lat' dir='ltr'>desumsit</span> <span class='ocrx_word' id='word_1_300' title='bbox 916 4095 1068 4172; x_wconf 85' lang='lat' dir='ltr'>Horatius,</span> <span class='ocrx_word' id='word_1_301' title='bbox 1083 4093 1118 4156; x_wconf 76' lang='lat' dir='ltr'>ut</span> <span class='ocrx_word' id='word_1_302' title='bbox 1130 4093 1317 4156; x_wconf 76' lang='lat' dir='ltr'>manifestum</span> <span class='ocrx_word' id='word_1_303' title='bbox 1337 4091 1394 4152; x_wconf 85' lang='lat' dir='ltr'>orit</span> 
     </span>
    </p>

    <p class='ocr_par' dir='ltr' id='par_1_19' title="bbox 300 4185 1192 4249">
     <span class='ocr_line' id='line_1_40' title="bbox 300 4185 1192 4249; baseline 0.001 -4"><span class='ocrx_word' id='word_1_304' title='bbox 300 4185 395 4248; x_wconf 81' lang='lat' dir='ltr'>Notas</span> <span class='ocrx_word' id='word_1_305' title='bbox 409 4195 525 4249; x_wconf 79' lang='lat' dir='ltr'>nocuas</span> <span class='ocrx_word' id='word_1_306' title='bbox 538 4185 715 4248; x_wconf 84' lang='lat' dir='ltr'>consulenti.</span> <span class='ocrx_word' id='word_1_307' title='bbox 1189 4187 1192 4192; x_wconf 70' lang='grc'>“</span> 
     </span>
    </p>
   </div>
   <div class='ocr_carea' id='block_1_6' title="bbox 0 0 1596 4892">
    <p class='ocr_par' dir='ltr' id='par_1_20' title="bbox 0 0 1596 4892">
     <span class='ocr_line' id='line_1_41' title="bbox 0 0 1596 4892; baseline 0 0"><span class='ocrx_word' id='word_1_308' title='bbox 0 0 1596 4892; x_wconf 95' lang='lat' dir='ltr'> </span> 
     </span>
    </p>
   </div>
  </div>
 </body>
</html>
