3150 4892
287 341 353 405 756
645 355 802 405 nsusnrr
828 353 1026 417 unanimo

328 497 407 556 Ecce
420 495 473 555 tibi
494 512 663 574 germanam
688 493 775 574 hujus
798 493 877 554 vocis
897 494 1132 574 Etymologiam:
1154 493 1248 554 Latini
1270 495 1379 557 ‘Satu-

286 591 369 653 rum'
387 590 569 668 usurpabant
590 608 643 666 pro
667 589 797 668 ‘plano,'
819 591 865 650 cui
880 589 917 648 ad
933 589 1141 668 perfectionem
1156 589 1228 648 nihil
1242 591 1378 652 deesset:

284 687 355 746 binc
369 686 476 746 ‘Satur
488 684 589 755 color,'
603 702 671 743 cum
685 683 754 743 lana
766 685 896 744 colorem
910 685 996 762 plene
1008 683 1208 756 combibisset,
1226 703 1282 744 nec
1295 687 1378 764 quic·

285 799 375 859 quam
389 779 428 838 ad
442 779 598 838 tincmram
612 777 699 857 adjici
712 779 870 857 potuisset.
913 777 959 836 Ex
971 784 978 812 ‘
991 777 1096 838 Satur'
1110 778 1219 838 lactum
1234 779 1380 850 ‘Satura'

285 874 365 955 quod
388 875 476 934 etiam
492 871 626 931 ‘Satira'
646 891 700 951 per
713 875 726 931 s'
739 871 911 944 efferebant,
925 870 1173 950 quemadmodum
1187 878 1196 907 ‘
1210 871 1359 932 Maximus
1372 872 1380 898 '

285 983 317 1030 et
336 968 536 1040 ‘Maxumum’
558 965 736 1047 ‘optumus'
754 978 785 1026 et
807 966 979 1045 ‘optimum'
1019 966 1072 1026 Est
1084 966 1173 1043 igitur
1188 965 1302 1027 Nomen
1316 966 1379 1026 Ad-

280 1065 433 1144 jectivum,
454 1062 535 1142 quod
559 1061 729 1122 relationem
752 1061 842 1121 babet
866 1060 904 1120 ad
929 1061 1151 1120 Substantirum
1175 1059 1379 1122 intellectum:

286 1161 425 1221 dicebant
437 1160 514 1218 enim
528 1158 616 1237 prisci
639 1157 817 1228 ‘Saturam'
834 1153 1088 1233 subintelligentes
1111 1152 1267 1214 ‘lancem'
1308 1155 1380 1215 Erat

285 1264 385 1316 autem
400 1262 408 1289 ‘
421 1254 528 1312 Satura
540 1251 629 1312 lanx'
642 1271 695 1312 raa
709 1251 838 1327 (Gallice
851 1269 892 1310 as
908 1251 1018 1323 masin)
1032 1268 1118 1309 omne
1130 1268 1224 1327 genus
1238 1250 1379 1310 fructibus

284 1349 441 1428 repletum,
455 1367 530 1427 quos
544 1346 645 1407 Cereri
658 1346 817 1426 quotannis
830 1355 861 1405 et
874 1343 1003 1417 Baccho,
1022 1355 1056 1404 ut
1069 1345 1159 1404 totius
1173 1344 1243 1404 anni
1255 1360 1380 1423 provan-

284 1455 368 1504 tuum
391 1442 543 1521 primitias,
564 1439 668 1501 offerre
693 1440 848 1506 solebant;
870 1438 1036 1517 cujusmodi
1058 1438 1223 1501 oblationes
1241 1437 1379 1501 exsariis

285 1537 442 1617 generibus
465 1537 541 1595 inter
562 1554 596 1595 se
619 1534 751 1594 contusis
770 1552 830 1592 non
845 1543 929 1593 erant
942 1533 1057 1593 Groecis
1071 1533 1191 1594 omnino
1218 1533 1379 1612 ncognitoe,

285 1632 336 1711 qul
350 1651 401 1692 eas
416 1629 605 1710 appellabant
618 1631 784 1706 πάγκαρπον
799 1633 910 1700 θυσίαν,
924 1635 1133 1710 πανσπερμίαν,
1153 1637 1184 1688 et
1202 1630 1232 1688 in
1254 1629 1378 1709 legumi-

285 1729 373 1789 nibus
385 1728 557 1802 πνανιψίαν.
598 1725 758 1785 Diomedes
773 1723 991 1784 Grammaticus
1014 1735 1150 1786 accurate
1172 1731 1203 1784 et
1223 1724 1303 1784 bunc
1318 1723 1378 1784 lio·

284 1807 437 1884 manarum
451 1840 561 1882 morem
575 1831 607 1881 et
617 1822 698 1881 vocis
712 1829 722 1858 ⁸
734 1820 868 1881 Saturoe'
881 1831 1017 1880 naturam
1030 1818 1187 1900 explicarit
1200 1819 1247 1878 bis
1260 1819 1357 1880 verbis
1370 1839 1378 1879 ε

197 1900 206 1912 ’
286 1917 389 1976 ‘lanx
402 1917 508 1977 referta
520 1915 608 1974 variis
622 1915 781 1993 multisque
794 1912 929 1993 primitiis
945 1914 1043 1974 Sacris
1059 1913 1175 1974 Cereris
1190 1913 1378 1984 inferebatur,

286 2022 318 2070 et
329 2028 348 2068 a
361 2011 448 2089 copia
460 2022 491 2070 et
504 2010 657 2070 saturitate
669 2010 709 2068 rei
724 2010 866 2069 ‘Satura'
879 2010 1048 2069 vocabatur.
1077 2009 1169 2087 Cujus
1183 2007 1299 2087 generis
1313 2008 1378 2068 lan·

285 2103 362 2164 cium
374 2117 405 2164 et
419 2103 558 2181 Virgilius
572 2104 602 2162 in
618 2101 771 2182 Georgicis
785 2101 927 2175 meminit,
940 2122 1007 2162 cum
1022 2103 1078 2164 boc
1092 2101 1180 2162 modo
1194 2102 1284 2164 dicit:

460 2214 607 2276 baucibns
620 2224 651 2274 et
663 2212 770 2292 pandis
785 2213 931 2272 fumantia
944 2212 1097 2275 reddimus
1110 2224 1191 2274 exta.

288 2309 337 2382 Et,
582 2305 1022 2386 lancesqueet·libaieremus.’

287 2419 435 2499 Deinceps
450 2419 488 2479 ad
503 2419 561 2480 alia
572 2418 762 2480 miscellanea
773 2418 918 2479 translata
930 2429 987 2480 est.
1030 2419 1109 2481 Fest.
1124 2421 1242 2480 ‘Satira
1255 2419 1312 2480 cibi
1326 2437 1379 2497 ge·

285 2534 341 2574 nus
356 2535 393 2574 ex
406 2515 493 2574 variis
504 2515 592 2573 rebus
606 2513 777 2574 conditum!
819 2503 960 2593 Migravit
972 2513 1041 2574 inde
1055 2516 1094 2575 ad
1113 2535 1160 2588 ea,
1182 2535 1250 2595 quae
1272 2516 1378 2576 mentis

285 2621 316 2668 et
329 2608 439 2687 ingenii
453 2619 540 2685 sunts
561 2627 630 2666 nam
644 2607 745 2686 ‘leges
760 2609 900 2668 Saturas’
915 2599 1132 2690 nuncuparunt,
1145 2631 1214 2691 qum
1229 2611 1313 2690 plura
1325 2627 1375 2670 ca·

284 2704 355 2783 pita,
370 2713 421 2762 aut
441 2702 541 2782 plures
555 2701 654 2761 titulos
668 2701 949 2781 complectebantur,
960 2715 994 2765 ut
1006 2714 1014 2741 ‘
1027 2705 1136 2785 Iegem
1149 2706 1282 2779 Juliam,'
1300 2706 1378 2766 ‘Pa-

285 2798 385 2877 piam,’
408 2795 608 2876 ‘Poppaeam’
627 2815 695 2874 qum
715 2795 869 2857 dicebatur
891 2800 1063 2872 ‘miscella'
1076 2802 1157 2880 qubd
1177 2801 1254 2861 idern
1276 2810 1322 2862 est
1341 2789 1378 2862 ac

286 2893 414 2950 ‘Satura
423 2891 441 2958 ς’
461 2890 541 2950 unde
562 2891 696 2980 prosecta
715 2885 814 2951 eat'et
837 2892 888 2954 illa
908 2893 1018 2956 locutio
1038 2903 1112 2977 ‘per
1132 2898 1268 2956 Saturam
1281 2895 1377 2975 legem

285 2985 379 3057 terre,’
398 3005 466 3046 cum
490 3003 548 3044 non
571 2985 682 3065 rogatis
696 3005 733 3046 es
747 2987 851 3047 ordine
866 2989 1068 3062 sanatoribus,
1091 3010 1150 3051 non
1164 2991 1308 3064 collectis,
1321 3009 1376 3050 nec

285 3081 476 3140 dinumeratis
491 3081 654 3153 sententiis,
672 3099 775 3141 omnes
789 3081 877 3142 simul
891 3097 920 3143 et
933 3085 1099 3163 promiscue
1112 3087 1287 3146 sententiam
1301 3085 1378 3145 lere*

285 3175 367 3247 bant,
387 3175 467 3253 quod
487 3175 602 3254 proprie
617 3176 770 3236 dicebatur
782 3196 836 3256 per
858 3179 1016 3238 ‘Saturam
1031 3169 1191 3242 sententias
1205 3169 1379 3258 exquirere,'

285 3269 433 3347 quomodo
458 3280 526 3348 post
550 3269 670 3330 Laelium
684 3271 801 3332 locutus
816 3282 863 3332 est
876 3273 1044 3334 Sallustius.
1086 3275 1190 3355 Neque
1203 3275 1253 3334 hic
1266 3261 1377 3334 consti·

284 3373 400 3432 terunt3
415 3366 503 3425 etiam
518 3365 654 3426 ‘Libros'
667 3365 810 3444 quosdam
825 3365 882 3426 hac
895 3368 1092 3446 appellatione
1105 3368 1330 3447 insignitarum,
1343 3375 1377 3426 ut

284 3457 466 3518 Pescennius
480 3459 597 3532 Festus,
610 3462 661 3538 qui
673 3465 683 3495 ‘
696 3459 843 3522 Historias
855 3451 995 3522 Satnias’
1009 3464 1054 3524 vel
1070 3472 1141 3543 ‘per
1151 3464 1288 3523 Saturam
1300 3464 1309 3492 '
1321 3471 1378 3522 no·'

283 3553 331 3612 bis
348 3553 441 3614 dedit.
1373 3561 1378 3572 '

291 3666 299 3678 ⁴
325 3647 370 3706 Ex
392 3647 439 3707 his
463 3649 598 3708 omnibns
619 3648 762 3728 exemplis
785 3639 864 3710 facili
885 3651 951 3731 quis
970 3653 1089 3732 negotio
1110 3653 1165 3714 sibi
1186 3651 1376 3732 persuadebit

285 3742 400 3802 Horatii
414 3743 514 3820 Opera
526 3742 595 3803 binc
608 3745 732 3804 traxisse
745 3763 863 3818 nomen,
877 3747 1080 3828 ‘Satirasque'
1094 3747 1270 3827 appellatas,
1294 3749 1374 3827 quod

285 3837 405 3897 ‘multis
431 3845 462 3897 et
483 3838 572 3897 ratiis
592 3839 685 3898 rebus·
703 3839 760 3899 lroc
782 3840 909 3901 Carmen
933 3844 1071 3903 refertum
1092 3844 1192 3915 esset,'
1222 3843 1373 3922 quomodo

285 3927 358 3988 dicit
379 3929 553 4012 Porphyrius.
594 3931 682 4001 Quod
706 3933 825 4011 quidem
846 3955 882 3995 ex
905 3947 989 4016 parte
1009 3956 1109 3996 rerum
1123 3947 1188 3998 est:
1209 3954 1281 3998 care
1294 3937 1376 3997 enini

283 4016 383 4101 putes,
401 4013 612 4086 vocem'nullia
631 4027 880 4090 intercedentibus
895 4019 1046 4108 gradibus,
1061 4031 1111 4110 qui
1125 4032 1280 4092 transitum
1295 4016 1372 4111 prse-

284 4118 397 4194 berent,
418 4119 518 4179 statim
538 4119 597 4180 huc
620 4119 798 4183 deductam:
820 4124 882 4203 ejus
896 4113 1083 4205 migrationes
1096 4127 1275 4208 antiquiores
1289 4139 1374 4188 crant
