3150 4892
268 367 335 434 762
626 383 787 432 naoaars
813 380 1008 434 sternuto

264 526 443 605 aperuisses,
457 524 587 584 omniurn
601 524 732 583 Deornm
746 525 939 602 Deammque
951 524 1095 604 imagines
1109 524 1284 587 detexisses.
1300 527 1365 589 ''Ad

268 639 336 680 enm
349 619 471 679 modum
484 638 516 679 se
529 620 616 679 nobis
633 619 753 680 exhibet
774 619 805 678 in
829 619 933 680 Satiris
955 621 1107 692 Horatius,
1131 620 1204 680 nibil
1225 639 1365 702 magnum
1413 677 1415 682 ,

268 733 373 793 prese
387 715 453 784 fert,
474 713 625 792 quodnos
639 712 770 774 detinere
784 713 912 774 debeat:
935 714 1051 793 dignior
1071 715 1187 776 videtur
1210 735 1289 789 esse,
1315 719 1365 798 qni

266 811 367 890 pueris
381 819 501 880 teratur,
516 829 605 888 quam
619 809 671 888 qui
681 809 759 869 viros
769 817 931 887 occupatos
942 817 1061 869 tenestr
1076 809 1130 869 sed
1144 811 1276 890 seposito
1288 813 1367 886 selo,

268 913 301 966 et
325 905 449 964 Horatio
472 905 592 983 propios
615 905 760 984 inspecto,
788 905 917 964 omniurn
940 903 1020 964 illico
1046 905 1188 964 Disomm
1215 906 1310 966 oculis
1333 927 1366 969 se

268 998 408 1078 ingerunt
420 999 574 1077 imagines,
594 999 651 1058 boc
665 1009 721 1072 est,
735 1017 838 1058 omnes
853 999 987 1070 virtutes,
1002 997 1042 1058 ad
1061 1019 1135 1078 quas
1151 1000 1269 1061 assidue
1283 1019 1366 1061 exer·

268 1093 356 1153 cendi
369 1104 449 1166 sunt,
462 1093 513 1172 qni
527 1093 604 1152 vitiis
619 1094 681 1153 suis
694 1093 878 1172 corrigendis
892 1095 968 1154 serio
984 1094 1115 1156 student.
1145 1093 1248 1156 Oculis
1262 1115 1366 1176 parum

268 1189 390 1261 intentis
402 1189 484 1249 illum
499 1207 640 1267 aspexere
654 1189 780 1249 antehac
801 1188 961 1256 mortales:
983 1209 1079 1267 neque
1101 1209 1223 1269 possum
1237 1209 1298 1250 non
1311 1193 1365 1252 mi·

268 1284 327 1342 rari
339 1284 452 1342 Satires
465 1302 518 1363 per
531 1294 576 1343 tot
589 1284 703 1343 secula
716 1284 820 1356 lectas,
835 1299 924 1363 atque
938 1284 1073 1358 relectas,
1088 1287 1191 1363 paucis
1206 1286 1366 1348 admodum

268 1377 360 1438 luisse
373 1378 550 1450 intellectas,
564 1389 617 1438 ant
625 1379 799 1458 explicatas.
841 1379 1040 1439 Substiterunt
1051 1381 1079 1438 in
1092 1381 1157 1460 ipso
1168 1381 1290 1453 cortice,
1302 1401 1368 1441 rer·

268 1473 374 1551 bisque
395 1472 623 1552 interpretandis
646 1474 762 1546 intenti,
783 1473 856 1533 nibil
880 1475 957 1535 ultra
980 1476 1109 1554 petiere:
1138 1474 1218 1556 quod
1243 1476 1364 1554 quidem

269 1567 404 1629 iecerunt
413 1578 446 1628 nt
458 1569 667 1630 Grammaticis
680 1589 733 1649 par
745 1581 819 1642 erat,
832 1588 892 1629 non
905 1580 939 1630 ut
951 1571 1162 1650 Philosopbis:
1183 1571 1270 1650 plane
1280 1571 1367 1650 qussi

271 1663 439 1742 scripsisset
463 1663 604 1724 Horatius
624 1665 718 1725 solum
733 1676 769 1724 ut
779 1667 931 1726 verborum
946 1667 1210 1727 construendorum
1223 1668 1367 1726 rationem

269 1757 446 1829 videremus,
459 1759 651 1838 dedissetque
666 1762 751 1820 nobis
765 1760 870 1821 librum
884 1762 965 1820 horis
976 1763 1006 1821 in
1023 1762 1134 1822 Schola
1143 1761 1294 1832 fallendis,
1305 1780 1365 1820 non

270 1851 374 1910 animis
389 1853 428 1911 ad
451 1853 586 1914 virtutem
608 1855 782 1916 formandis.
823 1856 949 1916 Prorsus
967 1856 1048 1917 alind
1070 1857 1126 1918 sibi
1146 1857 1176 1916 in
1198 1856 1257 1916 lroc
1279 1875 1367 1935 opere

270 1958 463 2025 proposuerat
472 1947 577 2010 Poeta.
618 1951 755 2029 Namque
769 1951 837 2012 linis
852 1951 1005 2012 verborum
1016 1962 1063 2012 est
1077 1951 1165 2024 actio,
1179 1951 1263 2030 cujus
1277 1951 1366 2011 etiam

269 2041 368 2117 pratia
385 2043 475 2102 rerba
497 2044 562 2123 ipsa
585 2045 704 2104 luerunt
727 2056 853 2124 reperta,
881 2063 949 2124 quas
977 2046 1034 2106 nisi
1058 2045 1141 2106 illum
1170 2057 1366 2124 assequentur

269 2135 369 2207 linem,
390 2138 462 2199 nibil
481 2139 536 2201 nisi
558 2138 658 2200 futiles
678 2141 763 2201 soni:
786 2159 871 2201 sures
894 2139 1015 2220 quidem
1038 2140 1156 2210 feriunt,
1177 2139 1216 2199 ad
1236 2141 1366 2200 animum

269 2249 340 2291 vero
353 2252 412 2292 non
427 2233 586 2312 pertinent.
705 2301 708 2307 ,
861 2235 864 2240 ’

311 2327 427 2389 Docere
442 2348 497 2390 nos
510 2330 602 2390 voluit
626 2329 767 2389 Horatius
782 2328 824 2386 'in
844 2327 890 2388 bis
913 2329 1027 2400 Satiris,
1048 2337 1153 2387 contra
1174 2328 1245 2388 vitia
1265 2337 1367 2387 nostra

270 2423 405 2498 militare,
425 2425 548 2487 affectus
562 2437 736 2506 temperare,
759 2435 894 2484 naturam
909 2424 939 2482 in
954 2423 1164 2502 cupiditatibus
1178 2422 1365 2483 moderandis

181 2563 193 2582 .
271 2517 378 2580 ducem
392 2523 487 2600 sequi,
500 2537 601 2582 terum
616 2542 636 2582 a
647 2522 734 2591 laiso,
754 2533 785 2579 et
799 2539 817 2580 a
830 2521 917 2581 rebris
931 2520 1003 2598 ipsis
1019 2538 1113 2580 rerum
1127 2519 1242 2599 species
1257 2518 1368 2578 discer-

271 2634 351 2687 nere,
375 2618 581 2696 praejudicatas
602 2629 710 2678 temere
730 2617 883 2696 opiniones
904 2616 1041 2695 abjicere,
1060 2614 1205 2696 principia
1218 2624 1368 2706 etcausss

270 2709 420 2771 actionum
439 2723 604 2773 nostrarum
625 2722 797 2792 perspectas
819 2709 938 2782 habere,
958 2707 1109 2770 ridiculam
1124 2708 1251 2787 denique
1266 2727 1367 2768 eorum

269 2807 461 2885 pertinaciam
474 2810 593 2881 evitate,
607 2808 669 2886 qui,
684 2809 790 2886 quibus
805 2825 823 2866 a
837 2805 1010 2886 magistellis
1025 2805 1087 2864 snis
1108 2803 1297 2883 opinionibus
1313 2805 1368 2862 im·

269 2902 333 2962 buti
346 2902 416 2962 olim
430 2903 560 2975 luerunt,
574 2904 610 2962 iis
624 2903 772 2963 obstinate
785 2903 939 2974 inlrmrent,
963 2901 1046 2961 nulle
1059 2901 1161 2960 habita
1174 2899 1287 2959 ratione
1301 2899 1368 2978 qui·

271 2997 327 3056 bus
341 2998 504 3058 innitantor
517 2999 735 3059 fundamentis:
756 3017 817 3059 nno
840 2997 939 3068 serbo,
964 2997 995 3054 in
1020 3015 1057 3056 eo
1081 2995 1252 3066 elaborarit,
1265 3005 1300 3054 ut
1313 3013 1368 3055 nos

270 3094 356 3152 nobis
370 3093 481 3169 felices,
496 3096 596 3155 amicis
606 3095 758 3175 jucundos
772 3104 803 3154 st
823 3092 938 3164 fideles,
953 3091 1089 3152 omnibus
1104 3089 1283 3168 quibuscum
1297 3090 1369 3150 riri·

270 3200 338 3246 mus
357 3189 539 3263 commodos,
552 3190 651 3262 utiles,
665 3199 696 3249 et
709 3189 852 3267 benignos
866 3191 1030 3266 prestaret.

312 3283 500 3362 luterpretari
514 3286 650 3346 Auctoris
665 3285 764 3356 rerba,
787 3285 818 3343 in
834 3283 959 3362 Figuras
975 3282 1101 3363 digitum
1116 3278 1280 3350 intendere,
1295 3280 1369 3340 Lec-

270 3385 350 3438 tores
364 3381 569 3457 perorationis
583 3381 724 3442 involutas
736 3379 930 3459 labyrinthos,
946 3389 997 3438 sut
1011 3376 1223 3458 parentheseos
1234 3376 1370 3436 obscurae

270 3475 420 3545 tenebras,
439 3475 558 3548 dooere,
577 3477 643 3536 bec
658 3476 757 3536 omnia
770 3475 845 3536 nihil
858 3474 996 3535 eximium
1010 3473 1130 3546 babent,
1146 3490 1213 3543 nec,
1225 3479 1260 3530 ut
1274 3470 1370 3548 loqui·

269 3575 319 3627 tur
343 3569 506 3648 Epictetus,
525 3571 685 3650 quicquam
707 3569 824 3651 pulchri
849 3581 900 3631 aut
922 3571 1054 3648 sapiente
1069 3567 1203 3646 dignum.
1244 3564 1292 3624 Ad
1311 3565 1370 3624 boc

269 3663 357 3723 nobis
369 3665 561 3726 annitendum
574 3677 638 3735 ests
659 3666 717 3726 boo
742 3683 818 3744 opus
832 3675 964 3725 nostrum
979 3674 1026 3724 est
1038 3662 1223 3742 palmarium,
1236 3679 1324 3721 usum
1337 3671 1370 3721 et

270 3760 399 3820 rationes
414 3760 517 3822 horum
533 3773 745 3842 preceptorum
768 3759 937 3832 ostendere,
960 3759 1122 3837 eademque
1145 3755 1370 3817 auctoritatibus

270 3843 384 3926 fulcire,
399 3866 433 3914 ut
445 3857 542 3934 pelam
557 3857 694 3915 omnibus
708 3856 772 3925 liat,
796 3872 848 3916 eos
871 3855 923 3933 qui
942 3872 1039 3914 mores
1054 3872 1125 3914 suos
1139 3851 1179 3912 ad
1193 3851 1251 3911 boc
1265 3869 1370 3930 specu·

270 3945 333 4005 lum
353 3966 529 4028 componere
551 3950 717 4028 negligunt,
738 3951 824 4031 paria
845 3951 943 4010 iacere
966 3949 1097 4028 egrotis,
1120 3947 1171 4027 qui
1195 3945 1297 4017 libros,
1318 3946 1369 4006 ubi

269 4027 401 4102 renssdia
411 4046 520 4104 morbis
532 4047 594 4106 suis
607 4047 836 4125 prescribantur
849 4047 947 4125 legere
961 4043 1105 4116 contenti,
1118 4041 1230 4102 Medici
1243 4041 1369 4102 oonsilio

269 4147 387 4198 tantum
400 4139 486 4199 abest
498 4153 531 4201 ut
543 4150 675 4214 utantur,
687 4154 721 4202 nt
735 4162 773 4202 nc
785 4140 955 4222 intelligant
968 4139 1089 4219 quidem
1104 4137 1167 4216 ejus
1182 4135 1349 4197 utilitatem.

312 4231 382 4294 Non
400 4223 482 4314 quod
503 4253 561 4318 ego
580 4238 612 4299 in
632 4231 851 4302 commentariis
873 4237 947 4298 mais
967 4236 1126 4315 quicquam
1147 4231 1246 4294 sciens
1265 4231 1368 4294 solens
