3150 4892
519 424 585 505 'ru
609 425 769 476 uonnrrr
794 427 965 478 narrans.
1233 417 1298 482 ⁷57

202 563 233 622 in
248 561 321 623 alias
336 579 489 642 res,·quas
509 564 700 642 propinquius
725 570 735 600 ¹
746 565 861 626 Horatii
884 565 1057 632 Sermonea'
1079 569 1296 648 contingerent.

201 658 253 718 Ad
267 675 356 737 quam
369 675 430 716 reru
444 657 650 736 explicandam
658 658 722 735 jam
735 660 926 737 accingimur,
937 677 1002 718 eum
1015 664 1144 723 secuturi
1154 663 1297 736 ordinem,

203 751 255 830 qui
268 753 324 831 ipsi
337 752 518 813 Casaubono
530 754 561 812 iu
576 759 703 813 mentem
717 758 777 813 uon
791 754 908 814 ridetur
921 753 1180 836 canisterquippe
1192 779 1251 819 rem
1261 779 1298 821 aa

192 846 269 907 »luce
283 847 448 925 perfundet,
469 857 502 907 ut
526 847 608 907 nulla
623 847 748 925 amplius
761 849 899 928 cuiquam
914 847 1094 928 relinquatur
1107 850 1146 908 ad
1159 851 1298 913 dubitan-

203 939 275 1000 dum
289 943 421 1001 materia.

244 1035 370 1096 Romani
383 1056 451 1096 cum
466 1035 699 1116 quadringentos
713 1036 829 1098 circiter
843 1055 937 1098 annos
952 1039 1094 1099 Scenicoa
1109 1038 1195 1099 ludos
1209 1041 1294 1118 iguo-

202 1140 311 1199 tarent,
336 1148 420 1204 casu,
434 1129 505 1190 duro
520 1130 584 1191 dies
598 1132 691 1192 festos
704 1151 756 1211 per
770 1131 920 1192 licentiam
933 1145 962 1193 et
976 1134 1128 1196 lasciviam
1141 1134 1297 1213 agitarent,

201 1222 233 1280 in
244 1222 355 1282 Versus
365 1225 520 1284 Saturnios
531 1237 561 1286 et
570 1225 770 1286 Fescenninos
785 1225 962 1299 inciderunt,
975 1229 1025 1307 qui
1036 1217 1139 1308 poa'tau
1149 1229 1179 1287 in
1191 1228 1295 1290 Sennis

202 1335 255 1395 per
267 1328 385 1378 centum
399 1329 430 1379 et
441 1321 546 1398 viginti
559 1321 620 1381 iera
634 1339 728 1381 nonos
741 1321 839 1382 locum
854 1340 940 1382 auum
953 1324 1040 1382 tutati
1055 1334 1135 1384 sunt.

242 1411 374 1470 Fuerunt
386 1411 435 1472 isti
449 1414 560 1474 Versus
575 1414 699 1493 impoliti
711 1425 743 1474 et
757 1433 860 1494 parum
880 1417 1038 1490 numerosi,
1062 1429 1165 1498 utpote
1187 1415 1298 1476 subita·

201 1504 260 1578 nei,
274 1516 305 1566 et
319 1527 336 1567 a
350 1508 461 1589 populo
474 1510 534 1568 fusi
548 1509 646 1570 adbuc
660 1510 725 1570 rudi
738 1525 769 1570 et
782 1511 902 1591 agresti,
926 1513 1036 1591 quique
1055 1532 1113 1573 non
1130 1511 1219 1572 aliurn
1235 1529 1298 1570 ma-

201 1600 323 1678 gistrum
337 1613 451 1677 nosset,
464 1623 552 1682 quam
568 1605 705 1665 Cererem
719 1616 750 1664 et
764 1605 926 1666 Bacchum.
961 1607 1027 1668 Hoc
1042 1627 1135 1688 genus
1149 1605 1295 1667 Carminis

198 1694 360 1775 implebant
383 1697 587 1780 cavillationes
609 1712 640 1760 et
660 1702 818 1780 nppmbria
839 1702 959 1775 rustica,
973 1703 1113 1763 adhibitis
1127 1700 1294 1782 Gesticulu·

200 1794 330 1856 tionibus
343 1804 374 1854 et
388 1793 600 1854 saltationibus
615 1795 758 1856 ridiculis.
802 1795 877 1854 Rem
898 1797 1056 1878 intelliges,
1079 1799 1104 1858 si
1129 1798 1167 1857 ob
1191 1792 1294 1856 oculos

200 1889 252 1948 tibi
267 1907 415 1968 proponas
430 1891 524 1950 bonos
538 1891 577 1952 de
590 1909 668 1970 pago
683 1891 758 1951 'viros
772 1891 948 1952 rusticorum
963 1911 1043 1952 more
1058 1893 1214 1962 saltantes,
1228 1908 1295 1950 sese

200 1994 302 2045 mutuo
316 1988 551 2064 extemporaneis¹
563 1987 703 2048 conviciis
728 1987 919 2058 insectantes,
943 2006 1037 2068 eaque
1051 1987 1080 2048 in
1096 1988 1176 2048 vices
1189 2005 1297 2068 expro-

201 2077 330 2152 brantes,
343 2099 467 2159 quorum
489 2081 563 2142 alius
586 2083 635 2143 alii
659 2083 771 2143 conscii
794 2093 873 2143 sunt.
916 2082 982 2143 Hoc
996 2093 1043 2144 est
1057 2083 1136 2163 quod
1153 2082 1293 2145 Horatiae

200 2173 272 2236 dicit
290 2197 331 2237 ιι.
345 2179 440 2257 Epist.
458 2182 483 2240 l.
502 2181 572 2240 145.

361 2291 545 2352 Fescennina
558 2310 610 2370 per
624 2290 703 2350 hunc
716 2291 837 2349 iuventa
850 2289 970 2349 licentia
984 2306 1094 2349 morem

361 2386 502 2446 Versibus
517 2385 636 2446 alternis
651 2384 808 2466 opprobria
821 2385 932 2443 rustica
945 2382 1031 2443 ludit.

202 2496 358 2555 lniroenam
372 2495 450 2556 banc
464 2506 494 2556 et
506 2498 694 2576 impotentem
708 2495 856 2557 licentiam
870 2491 984 2572 excepit
998 2509 1057 2552 non
1071 2493 1212 2554 itamulto
1225 2505 1295 2575 post

201 2589 277 2650 alius
291 2593 407 2670 generis
422 2593 560 2664 Carmen,
575 2593 750 2671 castigatius
764 2591 882 2671 quidem
896 2589 979 2659 illud,
990 2587 1045 2648 sed
1058 2588 1194 2648 refertum
1205 2589 1294 2650 etiam

201 2685 330 2746 dicteriis
345 2688 384 2748 ud
398 2689 575 2748 movendum
589 2684 679 2748 risum
693 2686 881 2765 comparatis,
903 2681 983 2764 quod
1003 2694 1102 2743 tamon
1116 2681 1188 2743 nihil
1202 2685 1294 2766 turpi·

201 2780 311 2841 tudinis
334 2783 504 2851 admiserit:
525 2784 688 2863 comparuit
710 2783 768 2842 hcc
791 2782 919 2840 Carmen
934 2779 989 2838 sub
1004 2777 1110 2838 sarire
1124 2777 1241 2840 nomine
1256 2777 1295 2839 cb

200 2878 370 2939 varietatem
384 2899 489 2940 suam:
510 2900 578 2959 quas
593 2877 711 2957 quidem
726 2877 823 2938 Satira
836 2885 933 2936 certos
948 2873 1050 2934 habuit
1070 2873 1217 2946 ‘modos,’
1230 2874 1250 2933 i.
1265 2893 1293 2936 e.

202 2974 345 3034 musicum
361 2985 392 3034 at
404 2985 615 3054 congruentem
631 2984 754 3050 motum,
775 2971 915 3050 relegatis
929 2969 1062 3048 gestibus
1077 2969 1172 3030 minus
1186 2968 1294 3032 hones-

200 3067 250 3130 tis.
291 3070 388 3130 Livius
403 3091 467 3132 v1r.
482 3074 511 3131 2.
533 3070 727 3131 ‘vernaculis
746 3068 917 3135 artificibus,
943 3063 1014 3143 quia
1037 3061 1174 3123 ‘Hister'
1197 3064 1294 3125 Tusco

200 3165 288 3224 verbu
302 3165 414 3224 ‘Ludio
427 3167 435 3192 '
446 3167 617 3237 vocabatur,
632 3185 739 3226 nomen
754 3173 762 3199 ⁴
775 3161 964 3224 histrionibus
976 3159 984 3183 '
1007 3156 1143 3230 inditum,
1157 3159 1207 3237 qui
1223 3177 1295 3232 non,

200 3259 278 3318 sicut
292 3269 371 3330 ante,
383 3260 566 3320 Fescennino
580 3280 666 3320 versu
682 3259 815 3331 similem,
830 3252 1056 3332 incompositum
1072 3262 1180 3312 temere
1195 3272 1232 3313 ac
1246 3271 1296 3312 ru-

200 3352 268 3411 dem
283 3353 402 3413 altemis
418 3354 578 3433 jaciebant,
598 3356 652 3415 sed
666 3355 803 3433 impletas
816 3351 912 3412 modis
927 3350 1059 3420 Saturus,
1074 3347 1221 3426 descripto
1231 3345 1295 3424 jam

200 3447 239 3507 ad
252 3448 401 3508 tibicinem
414 3459 516 3522 cantu,
530 3459 669 3530 motuque
683 3447 869 3527 congruenti,
884 3441 1084 3525 peragebant:
1126 3441 1153 3500 N
1156 3459 1194 3500 on
1210 3439 1295 3499 ablu·

200 3542 290 3602 debat
302 3542 368 3602 hoec
382 3544 479 3604 Satira
492 3564 510 3604 a
522 3546 630 3606 uostris
646 3545 753 3605 Furcer
766 3541 1001 3623 pudentioribus,
1022 3537 1072 3598 ubi
1085 3535 1250 3618 promiscue
1263 3548 1295 3598 et

200 3637 420 3716 spectatoribus
434 3649 465 3698 et
478 3640 634 3700 Actoribus
651 3639 775 3699 Scenico
789 3636 854 3696 sale
867 3633 1085 3694 dedicabantur
1100 3630 1247 3691 auriculte.

238 3733 337 3812 Atque
361 3732 404 3792 ita
425 3754 458 3793 sc
477 3734 604 3794 habebnt
626 3753 673 3793 res
687 3732 822 3802 Scenico,
844 3748 911 3789 cum
937 3725 1035 3812 Livius
1049 3723 1237 3783 Andronicus
1254 3723 1291 3783 ad

200 3824 368 3888 Comoedias
383 3839 414 3888 et
427 3827 599 3907 Tragoedias
613 3829 652 3888 ad
672 3827 844 3887 Grmccmm
859 3822 1048 3882 imitationem
1063 3817 1293 3888 conscribendas

200 3920 311 3997 primus
327 3923 456 3982 animum
470 3925 601 4004 appulit3
624 3945 691 4003 quea
713 3942 779 3982 cum
795 3929 875 3982 esset
889 3915 1046 3978 oblectatio
1061 3923 1091 3974 et
1104 3911 1252 3994 liberalior
1264 3925 1295 3976 et

200 4015 372 4089 absolutior,
386 4035 454 4076 mox
467 4017 525 4078 huc
540 4019 672 4097 undique
686 4015 857 4077 cateruatim
880 4027 1057 4093 concursum
1079 4017 1135 4081 est,
1158 4005 1294 4087 neglecta

197 4107 239 4166 ed
260 4119 375 4191 tempus
399 4113 536 4184 ‘Satira,’
558 4130 646 4190 quarn
667 4123 765 4172 tamen
787 4107 879 4190 paulo
903 4116 971 4185 post
991 4103 1196 4186 reprehensam
1210 4110 1294 4162 erant

200 4201 252 4282 qui
265 4203 424 4265 Comoediis
434 4205 496 4284 jam
514 4207 641 4285 pernctis
656 4225 716 4268 nun
731 4203 859 4267 absurde
875 4205 1093 4272 subnecterem,
1106 4195 1199 4276 (quod
1214 4193 1293 4254 Galli
